2834 3629
1394 109 1455 155 10

202 239 437 296 prudenter
464 240 507 283 ni
537 239 661 282 fallor
691 237 912 281 consuluit.
957 237 1108 280 etenim
1138 242 1204 281 sat
1234 238 1419 296 amplum
1449 237 1639 283 XXXVI
1658 251 1855 282 versuum
1883 252 2100 283 numerum
2129 238 2332 282 inutiliter
2359 253 2521 295 augens
2550 254 2634 285 non

204 306 408 362 cogitavit
435 305 638 349 eiusmodi
669 303 854 347 carmina
882 304 1254 358 monosticha*)
1284 304 1434 348 eodem
1459 317 1632 349 numero
1651 304 1743 347 sine
1761 304 1848 348 ulla
1866 305 2071 348 varietate
2090 318 2225 361 usque
2246 304 2513 357 decurrentia
2531 306 2633 349 mul-

206 372 429 417 titudinem
457 384 650 415 versuum
681 384 732 413 ac
760 369 1065 425 longitudinem
1094 370 1265 413 omnino
1292 383 1505 427 respuere,
1540 371 1701 415 scilicet
1730 376 1776 415 ut
1800 385 1855 416 ne
1882 378 2089 427 perpetua
2117 372 2307 416 eiusdem
2336 384 2484 416 versus
2511 385 2633 429 repe-

206 441 300 483 titio
328 446 400 482 aut
428 439 605 482 molesta
635 438 757 480 unius
787 437 1061 491 eiusdemque
1090 450 1290 481 caesurae
1325 439 1550 482 inculcatio
1586 444 1628 481 et
1663 437 1825 483 auditio
1861 439 2046 483 taedium
2080 440 2203 483 nobis
2238 439 2387 482 afferat
2422 452 2632 494 auresque
2656 495 2664 501 .

203 505 405 550 offendat.

406 572 529 613 Nunc
558 583 639 624 age
667 570 890 612 videamus
920 570 1094 612 aliorum
1125 570 1360 612 criticorum
1389 572 1443 614 de
1479 572 1557 614 hoe
1594 572 1777 614 carmine
1807 571 2080 614 coniecturas.
2112 584 2163 613 ac
2191 572 2514 626 Peerlkampius
2543 573 2632 625 qui·

206 638 301 680 dem
331 639 408 680 hos
441 643 603 693 septem
632 650 782 679 versus
811 638 850 679 3.
880 639 920 679 4.
951 638 989 680 5.
1021 638 1060 679 9.
1096 639 1157 680 10.
1189 638 1256 680 30.
1288 639 1344 681 35
1379 640 1650 693 suspectavit,
1679 639 1945 681 Hermannus
1981 643 2176 691 quattuor
2207 640 2242 680 1.
2273 640 2312 681 2.
2342 639 2410 681 35.
2439 639 2507 690 36,
2537 639 2632 681 Lin-

204 704 334 747 kerus
377 702 602 747 duodecim
637 706 671 747 1.
709 706 748 747 2.
786 705 824 747 7.
856 705 895 747 8.
925 706 965 746 9.
1000 705 1063 747 10.
1095 706 1162 748 27.
1193 706 1263 748 28.
1293 705 1362 747 30.
1391 706 1460 748 31.
1495 706 1563 749 35.
1599 706 1666 760 36,
1702 703 1987 761 Gruppius”)
2015 716 2116 745 vero
2144 701 2253 745 adeo
2294 702 2443 758 viginti
2484 716 2632 745 versus

207 784 361 825 eosque
391 770 617 813 maximam
650 776 811 826 partem
842 784 968 813 sanos
998 775 1039 812 et
1073 769 1320 812 innocentes
1353 772 1389 813 1.
1420 772 1460 813 2.
1493 774 1557 815 11.
1591 773 1653 814 12.
1688 772 1751 814 13.
1785 773 1848 814 14.
1884 772 1947 814 15.
1983 772 2045 814 16.
2080 772 2143 813 17.
2176 772 2240 814 18.
2273 772 2338 813 19.
2368 771 2435 814 20.
2466 772 2533 813 21.
2563 772 2632 813 22.

204 840 273 880 27.
317 839 384 879 28.
428 837 496 879 30.
531 837 600 879 31.
637 838 704 879 35.
749 838 805 879 36
848 836 1136 878 crudelissime
1180 836 1303 878 obelo
1348 850 1425 880 suo
1468 838 1682 893 iugulavit.
1741 838 1923 893 denique
1967 837 2318 880 commemorandi
2364 842 2461 880 sunt
2503 836 2632 879 etiam

205 905 384 947 Guicrns
415 910 456 945 ct
472 905 695 946 Bentleius
725 917 898 958 quorum
929 904 1002 947 ille
1031 910 1160 946 totum
1191 918 1360 947 carmen
1389 907 1444 948 ab
1475 906 1648 949 Horatio
1677 904 1951 958 abiudicavit,
1981 904 2051 947 hic
2077 909 2215 947 autem
2230 918 2377 959 pamm
2406 901 2632 947 honorifice

204 971 259 1015 de
290 971 383 1026 ipso
413 976 540 1026 poeta
570 970 702 1014 sensit
738 971 843 1014 haec
873 970 1035 1014 dicens:
1071 971 1300 1025 ‚prooemii,
1332 976 1377 1014 ut
1407 984 1474 1015 res
1510 971 1604 1027 ipsa
1637 970 1808 1025 indicat,
1843 969 1932 1014 sive
1969 968 2132 1026 prologi
2167 968 2303 1011 locum
2341 969 2421 1012 hoc
2459 981 2631 1011 carmen

205 1038 367 1080 obtinet
402 1038 638 1090 ceterisque
669 1037 788 1080 huius
818 1038 1146 1093 libriabsolutis
1176 1037 1448 1080 novissimum
1484 1038 1674 1080 accessit.
1728 1037 1804 1079 sed
1833 1051 1981 1079 vereor
2010 1035 2216 1090 equidem,
2253 1036 2289 1077 si
2325 1041 2441 1078 certa
2469 1036 2539 1077 hic
2567 1040 2632 1078 cst

203 1105 467 1147 librariorum
495 1104 613 1156 fides,
643 1117 696 1145 ne
725 1119 810 1147 non
840 1119 893 1147 ex
913 1104 1084 1146 Pindari
1106 1104 1169 1146 sui
1190 1105 1423 1155 πρόςωπον
1442 1105 1657 1155 τηλαυγές,
1679 1117 1762 1146 non
1790 1117 2043 1158 purpureum
2072 1101 2158 1145 late
2190 1101 2260 1156 qui
2291 1101 2524 1157 splendeat,
2553 1101 2632 1145 sed

205 1170 332 1213 vilem
363 1169 660 1225 sordidumque
690 1171 956 1227 panniculum
986 1175 1128 1213 noster
1154 1170 1361 1214 assuerit!
1391 1196 1444 1202 —-
2505 1218 2510 1222 ⁶

409 1238 527 1288 Quae
558 1251 651 1280 cnm
680 1238 738 1279 ita
767 1237 863 1290 sint,
893 1238 936 1279 in
966 1243 1082 1280 tanta
1112 1237 1345 1280 criticorum
1377 1238 1640 1281 dissensione
1672 1237 1777 1292 quid
1807 1248 1967 1289 quaeso
1996 1235 2143 1277 mirum
2173 1236 2207 1278 si
2238 1249 2317 1291 ego
2353 1249 2517 1291 quoque
2550 1235 2632 1278 huc

203 1303 305 1345 illuc
334 1304 474 1346 animo
503 1303 708 1347 fluctuans
743 1303 878 1358 deque
908 1304 1182 1347 instauranda
1220 1304 1395 1361 pristina
1425 1304 1550 1347 buius
1579 1303 1775 1346 carminis
1806 1302 2018 1345 Horatiani
2048 1302 2189 1357 specie
2220 1301 2521 1356 propemodum
2552 1300 2626 1344 de-

206 1371 476 1423 speransffffi)
506 1372 559 1416 ad
590 1385 782 1413 severum
811 1370 916 1412 illud
946 1371 1086 1413 Gnieti
1117 1372 1381 1423 Bentleiique
1415 1371 1612 1413 iudicium
1648 1369 1759 1423 quod
1788 1368 1911 1410 modo
1942 1369 2259 1410 commemoravi
2290 1368 2517 1421 confugere
2548 1368 2629 1409 iam

417 1549 451 1593 *)
477 1549 642 1586 Profecto
667 1548 794 1585 mirum
817 1548 961 1586 videtur
984 1549 1076 1594 quod
1100 1550 1274 1587 Horatius
1299 1549 1410 1595 primo
1436 1548 1559 1587 statim
1584 1547 1737 1586 carmine
1762 1557 1829 1593 quo
1856 1547 1995 1593 prologi
2025 1547 2140 1585 instar
2169 1546 2395 1593 semetipsum
2420 1552 2457 1585 et
2485 1545 2632 1593 lyricum

202 1607 325 1652 poesin
351 1617 450 1643 suam
476 1606 636 1652 inprimis
662 1608 906 1644 commendare
933 1607 1057 1651 voluit,
1082 1608 1148 1643 hoc
1172 1609 1324 1654 simplici
1349 1613 1386 1645 et
1415 1609 1592 1653 incompto
1616 1618 1661 1641 ne
1691 1606 1805 1640 dicam
1834 1605 1951 1640 ieiuno
1987 1617 2133 1642 numero
2168 1616 2252 1641 usus
2287 1609 2354 1640 est.
2402 1609 2544 1649 praeter
2566 1606 2632 1639 hoe

201 1674 343 1699 carmen
368 1665 477 1700 etiam
507 1665 576 1698 duo
607 1664 679 1698 alia
715 1671 857 1699 exstare
893 1665 1023 1699 scimus
1060 1666 1181 1701 eodem
1218 1677 1362 1701 numero
1399 1665 1595 1709 composita
1620 1664 1682 1698 111
1707 1666 1755 1699 30
1780 1667 1819 1698 et
1841 1663 1899 1698 IV
1923 1666 1957 1698 8.
1984 1664 2071 1699 illud
2095 1665 2202 1707 XVI,
2225 1665 2292 1699 hoc
2314 1663 2485 1699 XXXIV
2508 1673 2632 1699 versus

200 1722 458 1766 complectitur.
509 1723 569 1758 sed
595 1723 681 1759 haec
707 1723 776 1758 dno
802 1721 958 1758 carmina
983 1723 1147 1765 quoniam
1173 1735 1285 1768 nuper
1309 1723 1366 1760 vel
1391 1728 1469 1759 tota
1494 1722 1550 1759 vel
1576 1722 1701 1759 saltem
1727 1720 1846 1765 aliqua
1877 1731 1919 1757 ex
1950 1725 2053 1766 parte
2077 1732 2099 1758 a
2123 1720 2256 1758 criticis
2280 1720 2318 1757 in
2347 1718 2632 1765 interpolationis

200 1780 433 1825 suspitionem
458 1787 587 1815 vocata
612 1785 695 1815 sunt
718 1792 760 1815 ac
784 1779 871 1814 mihi
896 1791 1034 1824 quoque
1052 1781 1195 1816 Horatii
1221 1782 1355 1816 calamo
1380 1793 1504 1825 parum
1529 1779 1640 1824 digna
1665 1778 1841 1822 videntur,
1866 1789 1987 1814 eorum
2010 1778 2160 1815 tonnam
2184 1782 2221 1815 et
2244 1778 2530 1823 compositionem
2553 1787 2633 1813 cum

199 1839 267 1874 hoc
290 1837 404 1882 primo
430 1837 586 1873 carmine
610 1847 814 1882 comparare
843 1837 960 1873 nescio
992 1849 1038 1873 an
1062 1838 1200 1875 inutilis
1232 1845 1268 1875 et
1298 1839 1422 1875 irritus
1451 1839 1552 1874 labor
1581 1838 1638 1873 sit.
1688 1837 1754 1872 hoc
1791 1842 1910 1873 tamen
1946 1837 2142 1873 addiderim
2176 1836 2290 1882 primo
2326 1835 2481 1873 carmine
2515 1834 2632 1871 videri

198 1900 338 1942 poetam
365 1896 619 1940 quodammodo
645 1906 870 1941 compensare
895 1896 1049 1931 voluisse
1073 1896 1337 1942 simplicitatem
1363 1896 1625 1942 compositionis
1650 1899 1689 1930 et
1714 1894 1939 1930 ieiunitatem
1962 1894 2143 1938 quandam
2167 1894 2305 1930 numeri
2329 1905 2370 1930 eo
2400 1895 2494 1938 quod
2521 1903 2630 1930 unam

199 1964 373 1999 quamque
398 1958 649 1997 quaternorum
674 1964 840 1990 versuum
865 1954 1046 1999 stropham
1083 1954 1291 1999 ampliore
1327 1953 1685 2000 interpunctione
1723 1957 1765 1990 et
1801 1953 2053 1991 sententiae
2077 1953 2277 1990 clausula
2300 1952 2376 1989 sive
2399 1962 2536 1998 pausa
2559 1962 2631 1988 non

197 2012 274 2047 sine
291 2018 369 2047 arte
385 2011 561 2046 distinxit.
586 2023 627 2046 ac
644 2023 766 2047 verum
781 2012 890 2047 fateri
907 2012 936 2047 si
955 2013 1127 2056 volumus,
1143 2025 1305 2057 pausae
1329 2013 1436 2048 illae
1458 2012 1862 2055 sententiarumque
1887 2011 2110 2047 clausulae
2133 2011 2179 2046 ad
2195 2009 2488 2046 discriminandas
2504 2009 2630 2046 mnni-

196 2078 280 2103 num
303 2069 669 2104 monostichorum
687 2069 851 2112 strophas
867 2079 1011 2113 prorsus
1027 2071 1247 2106 necessariae
1263 2069 1363 2106 nobis
1379 2070 1556 2106 videntur.
1597 2080 1688 2114 quae
1705 2068 1847 2113 quidem
1863 2068 2044 2105 clausulae
2060 2069 2090 2104 si
2107 2068 2223 2104 omnio
2240 2069 2405 2105 deessent
2421 2068 2458 2104 in
2474 2068 2629 2104 carmine

197 2131 329 2168 nosti-0.
354 2126 441 2162 nihil
466 2127 625 2171 profecto
656 2127 844 2172 impediret
875 2128 1059 2172 quominus
1089 2128 1176 2163 illud
1212 2133 1356 2173 praeter
1389 2138 1573 2163 numerum
1610 2126 1935 2172 quaternarium
1971 2139 1994 2162 a
2018 2126 2197 2162 Meinekio
2234 2125 2475 2170 excogitatum
2512 2125 2625 2162 etiam

197 2184 386 2218 secundum
412 2184 500 2219 alios
524 2194 687 2219 numeros
713 2184 873 2228 aliasque
896 2185 1068 2220 formulas
1093 2185 1129 2220 in
1166 2186 1329 2229 strophas
1361 2185 1599 2221 divideremus
1631 2185 1744 2220 veluti
1779 2185 1817 2220 in
1853 2185 2015 2229 strophas
2046 2185 2206 2219 binorum
2229 2194 2395 2220 versuum
2418 2187 2452 2219 2.
2476 2187 2512 2220 2.
2535 2187 2569 2220 2.
2594 2187 2627 2221 2.

196 2245 230 2278 2.
255 2245 288 2278 2.
313 2245 345 2277 2.
370 2245 402 2278 2.
428 2246 461 2277 2.
487 2245 520 2277 2.
546 2245 579 2277 2.
605 2245 639 2277 2.
665 2245 697 2277 2.
724 2245 757 2277 2.
782 2245 815 2278 2.
841 2246 875 2278 2.
900 2246 931 2278 2.
959 2247 981 2278 2
1017 2244 1074 2279 vel
1114 2244 1286 2279 trinorum
1317 2247 1350 2279 3.
1381 2247 1415 2278 3.
1440 2247 1474 2279 3.
1499 2246 1534 2278 3.
1558 2246 1591 2278 3.
1617 2246 1651 2278 3.
1676 2246 1709 2278 3.
1734 2245 1768 2278 3.
1793 2245 1826 2278 3.
1851 2245 1884 2277 3.
1909 2245 1944 2277 3.
1968 2245 1991 2277 3
2028 2241 2087 2276 vel
2115 2251 2278 2276 senorum
2313 2242 2349 2276 6.
2371 2244 2405 2276 6.
2429 2242 2462 2276 6.
2487 2242 2521 2277 6.
2546 2242 2578 2276 6.
2605 2242 2629 2276 6

194 2300 252 2335 vel
277 2310 490 2335 novenorum
508 2303 541 2335 9.
559 2303 591 2335 9.
610 2302 642 2335 9.
661 2303 683 2335 9
702 2300 756 2335 vel
775 2300 1015 2336 duodenorum
1047 2305 1100 2338 12.
1127 2305 1180 2337 12.
1207 2305 1250 2338 12
1279 2303 1337 2338 vel
1362 2302 1513 2345 denique
1538 2301 1857 2337 duodevicenorum
1876 2302 1931 2336 18.
1951 2301 2005 2336 18.
2031 2304 2087 2336 tot
2111 2299 2203 2335 euim
2227 2304 2370 2344 tamque
2396 2299 2515 2336 varias
2539 2299 2627 2336 divi-

197 2358 312 2395 siones
337 2358 374 2394 in
398 2359 562 2403 strophas
588 2358 680 2400 (sive
706 2359 784 2395 cola
809 2359 926 2396 dicere
951 2360 1079 2403 mavis)
1105 2361 1170 2396 hoc
1200 2371 1341 2396 carmen
1373 2360 1510 2396 scilicet
1538 2358 1709 2395 XXXVI
1744 2368 1868 2394 versus
1905 2357 2140 2403 complectens
2175 2357 2364 2394 admittere
2400 2361 2530 2403 potest.
2580 2367 2626 2393 an

194 2426 279 2450 vero
318 2416 628 2458 quaternarius
665 2416 722 2450 hic
751 2428 917 2452 numerus
943 2418 1189 2452 Meinekianus
1221 2418 1367 2460 reliquis
1391 2417 1547 2452 numeris
1571 2416 1733 2451 omnibus
1758 2416 1957 2458 elegantior
1980 2416 2036 2451 vel
2060 2416 2263 2452 sollemnior
2286 2417 2343 2452 vel
2368 2415 2538 2454 usitatior
2562 2418 2627 2451 aut

196 2473 298 2508 nobis
322 2484 413 2508 nunc
439 2474 580 2509 videtur
605 2478 668 2508 ant
693 2473 762 2517 ipsi
786 2474 939 2510 Horatio
970 2475 1052 2511 olim
1083 2476 1181 2511 visus
1212 2487 1289 2512 esse
1319 2474 1575 2510 existimandus
1613 2472 1693 2510 est?
1729 2472 1823 2509 haud
1860 2472 2077 2509 crediderim.
2125 2473 2188 2509 sed
2222 2478 2264 2509 ut
2301 2473 2408 2518 paulo
2444 2471 2626 2509 liberalius

197 2541 345 2575 agamus
371 2535 406 2566 et
433 2530 690 2574 aliquantisper
713 2531 779 2565 boc
803 2530 999 2575 largiamur
1023 2533 1116 2577 quod
1146 2533 1259 2577 ipsum
1290 2544 1354 2577 per
1383 2544 1422 2568 se
1451 2531 1631 2577 probabile
1667 2541 1744 2567 esse
1780 2530 1922 2566 minime
1958 2531 2189 2575 concedimus,
2226 2536 2348 2568 tamen
2384 2532 2443 2567 vel
2482 2531 2519 2567 in
2557 2530 2626 2567 tali

203 2589 238 2624 h.
264 2600 294 2624 e.
327 2589 611 2631 ‹mater-naria
655 2599 819 2623 versuum
862 2590 1091 2634 discriptione
1135 2592 1241 2627 sicuti
1278 2591 1314 2626 iu
1346 2591 1562 2635 quibuslibet
1584 2589 1667 2625 aliis
1691 2588 1884 2625 carminum
1920 2590 2281 2626 monostichorum
2318 2590 2472 2636 strophis
2501 2589 2626 2633 utique

199 2647 319 2692 pausis}
346 2647 420 2682 sive
446 2646 699 2682 sententiarum
727 2646 894 2682 clausulis
920 2659 1006 2691 opus
1032 2659 1109 2683 esse
1134 2653 1310 2692 putamus,
1335 2652 1377 2683 ut
1402 2647 1524 2691 quales
1549 2647 1692 2683 tandem
1717 2651 1755 2683 et
1779 2657 1883 2691 quam
1906 2647 2035 2693 longae
2059 2648 2225 2693 strophae
2250 2648 2333 2693 sint,
2357 2648 2419 2685 ubi
2442 2648 2626 2693 incipiant,

197 2704 260 2740 ubi
285 2704 461 2748 desinant,
485 2705 605 2748 aliquo
631 2705 758 2740 saltem
782 2705 885 2740 modo
910 2705 1081 2750 dispicere
1107 2717 1285 2750 queamus.
1311 2706 1432 2750 itaque
1457 2706 1623 2742 desinant
1646 2706 1788 2742 tandem
1815 2710 1852 2742 et
1876 2706 1991 2743 critici
2022 2712 2060 2745 et
2083 2707 2223 2744 metrici
2246 2707 2511 2744 Meinekianum
2536 2704 2628 2741 illud

195 2762 381 2798 inventum
409 2763 502 2806 quod
527 2768 657 2797 vocant
682 2767 738 2797 tot
762 2762 925 2797 laudibus
951 2763 1085 2807 efferre,
1111 2764 1202 2807 qnod
1228 2775 1306 2798 cnm
1331 2765 1376 2799 ad
1401 2764 1492 2798 solos
1517 2764 1670 2799 calculos
1694 2775 1945 2808 munerumque
1969 2776 2135 2801 versuum
2160 2770 2309 2810 spectet,
2334 2765 2453 2801 hercle
2468 2774 2539 2799 non
2555 2774 2627 2807 ars,

192 2820 257 2856 sed
282 2830 418 2856 merum
441 2820 700 2863 molestumque
726 2820 916 2856 artssficinm
942 2825 1007 2856 est.

351 2877 409 2920 *ἢ
434 2878 615 2913 Aeacus.
667 2878 808 2913 Ueber
838 2878 907 2913 die
938 2878 1311 2922 Interpolationen
1342 2878 1384 2912 in
1416 2878 1495 2913 den
1525 2878 1782 2915 Romischen
1812 2880 2036 2916 Dichtern.
2090 2880 2161 2916 Mit
2191 2881 2403 2916 besonderer
2427 2878 2629 2915 Rueksicht

194 2938 262 2971 auf
281 2936 415 2972 Horaz.
464 2936 557 2971 von
583 2935 626 2971 Ο.
654 2936 694 2971 F.
722 2936 908 2980 Gruppe.
958 2936 1081 2972 Berlin
1108 2937 1209 2971 1872.
1259 2946 1292 2979 p.
1318 2938 1362 2970 91
1389 2946 1441 2979 sq.

323 2993 405 3037 *5³7
429 2994 566 3030 Multae
591 3005 676 3030 sane
702 2994 943 3031 dubitationes
969 2999 1006 3030 et
1030 2993 1187 3039 scrupuli
1217 2993 1300 3028 olim
1325 2994 1533 3038 pungebant
1558 2994 1665 3030 etiam
1691 2995 1957 3039 sagacissimum
1987 3000 2096 3040 atque
2125 2994 2445 3039 ingeniosissimum
2474 2994 2629 3040 interpo-

192 3052 365 3088 lationnm
382 3052 664 3088 Horatianarum
688 3052 910 3089 inventorem
928 3052 1217 3096 Peerlkampinm
1243 3053 1303 3096 qui
1320 3053 1364 3089 de
1382 3053 1502 3089 eodem
1520 3053 1673 3089 carmine
1689 3054 1776 3090 haec
1791 3057 1989 3090 memoratu
2004 3053 2115 3098 digna
2131 3053 2220 3090 dicit
2234 3054 2258 3089 l.
2276 3065 2306 3089 c.
2323 3053 2434 3098 praef.
2451 3063 2485 3098 p.
2503 3053 2551 3090 V.
2569 3063 2626 3098 sq:

190 3111 275 3153 ‚Vel
300 3112 450 3156 primum
475 3110 598 3146 statim
624 3122 766 3147 carmen
792 3111 927 3148 centies
952 3113 1104 3148 fortasse
1129 3111 1262 3147 lectum
1287 3111 1324 3147 in
1349 3121 1470 3147 omnes
1493 3116 1613 3156 partes
1639 3115 1820 3147 versatum
1845 3115 1882 3147 et
1912 3122 2098 3147 excussum
2127 3122 2198 3147 non
2233 3111 2337 3157 plane
2362 3110 2627 3156 intellegebam.

193 3180 297 3214 quam
357 3180 437 3206 esse
485 3168 641 3205 dicemus
690 3169 794 3206 huius
843 3170 895 3207 rei
932 3170 1101 3207 causam?
1163 3169 1417 3206 obscuritatem
1453 3168 1660 3213 scriptoris?
1720 3169 1783 3204 sed
1818 3169 1885 3205 hoc
1920 3169 2009 3206 vitio
2046 3169 2171 3215 optimi
2205 3175 2332 3215 poetae
2367 3170 2523 3206 Romani
2556 3179 2629 3206 non

194 3228 414 3271 laboral-ant,
439 3228 581 3263 minime
606 3229 781 3264 Horatius
806 3230 899 3273 quod
924 3230 960 3265 in
986 3241 1027 3266 eo
1053 3230 1161 3266 etiam
1192 3230 1318 3265 laudat
1341 3228 1545 3265 Suetonius.
1594 3228 1831 3272 ignorantiam
1855 3227 2024 3264 lectoris?
2072 3229 2103 3264 si
2131 3229 2265 3275 primus
2295 3240 2363 3275 ego
2393 3230 2439 3266 ad
2463 3229 2529 3266 hoc
2553 3238 2629 3265 car-

191 3295 274 3321 men
297 3286 542 3330 explicandnm
567 3286 804 3331 accessissem,
828 3287 935 3325 facile
959 3288 1036 3325 fieri
1062 3292 1204 3334 poterat
1228 3292 1270 3324 ut
1295 3298 1351 3324 me
1375 3286 1488 3324 multa
1512 3286 1713 3323 latuissent.
1763 3286 1825 3324 sed
1849 3286 2037 3333 quingenti
2061 3291 2099 3324 et
2121 3288 2243 3333 plures
2274 3288 2552 3334 explicaverunt,
2590 3286 2630 3324 in

194 3341 250 3376 his
274 3343 377 3377 multi
401 3353 513 3378 novae
539 3345 736 3380 sentcntiae
762 3350 936 3390 auctores,
962 3347 1105 3391 plurimi
1130 3348 1221 3382 hanc
1247 3348 1304 3383 vel
1330 3347 1429 3382 illam
1454 3346 1668 3381 sententiam
1697 3345 1804 3381 verbo
1829 3346 1886 3381 vel
1911 3346 2034 3382 addita
2057 3347 2196 3383 ratione
2219 3348 2345 3383 secuti.
2403 3357 2477 3391 ego.
2495 3346 2631 3383 mee-i
