2834 3629
1397 118 1455 166 12

206 248 377 291 tametsi
396 248 522 304 pleno
542 261 613 291 ore
635 246 848 291 collaudat
877 249 1191 302 praesidium
1222 250 1375 294 decus
1406 257 1534 307 atquc
1554 251 1661 297 adeo
1698 251 1881 295 editum
1913 252 2076 298 atavis
2111 253 2319 307 regibus
2350 255 2630 312 appellans‘),

205 315 368 371 reliquo
395 321 539 359 tamen
568 315 751 358 carmine
782 316 839 370 (V.
869 315 1028 370 3—34)
1058 330 1233 373 prorsus
1263 318 1432 361 silentio
1465 318 1646 362 eundem
1675 313 1978 375 praetermittit.
2039 319 2152 374 quod
2187 320 2356 376 quidem
2393 321 2448 364 ab
2484 321 2628 367 indole

207 383 403 425 carminis
444 382 692 424 dedicator-ii
731 382 918 424 alienum
948 396 1044 426 esse
1075 398 1204 440 supra
1230 385 1316 426 iam
1344 379 1551 428 diximus(
1591 390 1678 428 tum
1707 386 1820 429 idem
1854 382 2164 443 Olympionicas
2193 387 2398 441 quosdam
2433 389 2626 434 nimirum

208 448 321 491 canit
350 462 424 493 eos
453 448 708 492 curriculo
738 449 996 503 pulverem
1026 452 1268 505 colligere
1299 457 1341 494 et
1371 453 1561 506 quamvis
1596 453 1733 508 ipsam
1761 459 1939 498 metam
1974 454 2188 499 fervidis
2224 454 2352 498 rotis
2387 455 2493 499 suis
2524 457 2629 499 cvi·

204 516 396 572 tentffl‘),
432 521 574 560 tamen
601 516 749 561 nescio
779 529 862 572 quo
892 522 1018 575 pacto
1049 518 1206 562 nobili
1243 519 1408 574 palma
1439 524 1608 564 ornatos
1639 524 1680 564 et
1710 520 1765 564 ad
1801 520 1923 566 deos
1958 522 2095 579 ipsos
2131 526 2339 566 evectos
2376 535 2487 567 esse
2518 524 2557 568 3.
2585 524 2627 568 4.

205 585 246 626 5.
276 586 303 627 6
333 598 436 627 sane
467 598 593 638 quam
621 584 800 628 ridicule
824 586 1059 641 afflcinans,
1093 587 1245 628 deinde
1288 588 1484 628 turbam
1527 589 1788 630 mobilium
1823 589 2094 639 Quiritium
2139 596 2417 632 certantem
2462 597 2628 646 terge÷

207 650 359 692 minis
389 651 567 694 nescio
597 665 742 706 quem
772 652 956 694 tollere
986 652 1259 694 honoribus
1290 655 1328 694 7.
1359 654 1385 695 8
1416 659 1458 696 et
1488 653 1660 696 divitem
1689 654 2004 697 latifundiorum
2024 655 2313 698 Africanorum
2342 670 2629 710 possessorem

207 716 392 771 aliquem
429 716 489 760 de
526 718 740 773 Libycis
775 719 911 761 areis
944 722 1225 760 verrentem
1261 722 1309 760 et
1344 720 1548 774 proprio
1584 720 1762 762 horreo
1800 720 2097 763 condentem
2131 735 2239 776 quae
2275 722 2401 764 verrit
2430 724 2469 765 9.
2503 725 2556 766 10
2583 723 2628 765 in

204 796 404 827 scaenam
439 785 635 839 producit
669 786 737 828 vel
780 786 921 841 potius
963 785 1105 840 inepte
1150 785 1475 828 comminiscitur
1517 800 1594 828 nec
1638 791 1777 829 tamen
1821 787 1923 829 dicit
1965 788 2064 842 quid
2107 788 2277 831 tandem
2321 789 2386 832 his
2430 789 2625 833 duobus

206 849 472 910 homunculis
502 852 588 904 fiat,
614 865 714 895 cum
743 852 908 905 utrique
937 850 1167 906 pronomini
1199 850 1347 903 (hunc
1372 852 1532 905 illum)
1562 853 1849 907 praedicatum
1880 853 2037 897 addere
2066 855 2192 910 plane
2212 855 2364 898 oblitus
2384 856 2451 900 sit
2497 856 2627 909 quid?

204 917 318 970 quod
348 918 459 960 idem
489 925 671 973 nugator
698 921 946 972 quicumque
976 919 1051 960 fuit
1081 918 1203 959 altius
1233 918 1359 959 etiam
1391 925 1436 960 nt
1465 918 1525 960 ita
1554 918 1632 961 dic·
1624 934 1691 961 un
1721 934 1945 974 assurgens
1972 928 2145 974 repente
2175 922 2231 964 ad
2261 923 2384 964 deos
2414 936 2625 977 superos

208 984 265 1027 30
294 985 526 1028 ascendere
556 984 749 1039 adeoque
777 986 857 1028 hoc
891 998 1088 1028 successu
1122 983 1401 1027 intumescere
1438 991 1482 1028 ut
1518 984 1643 1027 etiain
1687 987 2014 1042 nympharum
2058 1002 2164 1031 cum
2207 989 2401 1043 satyris
2446 989 2626 1032 choros

205 1052 346 1095 statim
377 1065 461 1094 uno
491 1052 573 1094 oris
601 1052 715 1095 hiatu
743 1065 962 1107 procreare
991 1052 1071 1095 sibi
1101 1051 1217 1094 visus
1246 1051 1313 1094 sit.
1362 1065 1389 1093 a
1417 1052 1569 1094 talibus
1598 1055 1842 1097 commentis
1869 1068 1920 1096 ac
1949 1055 2070 1109 nugis
2097 1055 2278 1097 hominis
2307 1055 2558 1110 ineptissimi
2581 1059 2623 1098 et

795 1208 865 1255 Qui
888 1209 941 1254 fit,
964 1209 1206 1253 Maecenas,
1231 1213 1273 1245 ut
1296 1219 1398 1245 nemo
1424 1220 1528 1255 quam
1553 1209 1621 1246 sihi
1641 1213 1778 1245 sortem

793 1278 856 1303 seu
878 1268 971 1303 ratio
996 1268 1133 1303 dederit
1156 1278 1219 1303 seu
1243 1268 1315 1303 fors
1340 1269 1521 1312 obiecerit,
1543 1266 1608 1304 illa

793 1330 978 1363 contentus
1001 1326 1112 1369 vivat,
1136 1326 1259 1362 laudet
1282 1326 1424 1363 diversa
1447 1323 1660 1371 sequentes?

205 1418 251 1454 ad
275 1417 520 1453 Maecenatem
544 1416 649 1453 scribi
671 1416 870 1461 illustrique
893 1417 1032 1452 nomine
1057 1416 1126 1452 viri
1150 1414 1357 1460 amplissimi
1380 1415 1525 1451 inscribi
1549 1416 1592 1452 ab
1617 1415 1770 1453 Horatio
1795 1416 1962 1461 potuerit.
2011 1417 2095 1461 quid
2119 1418 2212 1454 enim
2236 1418 2378 1454 obsecro
2402 1419 2491 1455 haec
2515 1419 2626 1456 satira

206 1476 306 1511 cuius
331 1478 579 1520 argumentum
601 1478 718 1510 totum
741 1474 778 1509 in
802 1474 1046 1519 vituperandis
1070 1474 1250 1509 hominum
1272 1473 1371 1509 vitiis
1397 1473 1693 1518 describendaqne
1730 1474 1921 1510 avaritia
1955 1475 2146 1521 praecipua
2176 1477 2310 1512 saeculi
2338 1477 2417 1512 labe
2447 1480 2624 1522 versatur,

206 1544 286 1569 cum
309 1534 401 1568 bono
426 1533 636 1569 Maecenate
661 1543 841 1568 commune
865 1533 997 1568 habet?
1020 1543 1136 1567 nonne
1165 1532 1339 1567 Horatius
1369 1533 1435 1567 hac
1465 1532 1599 1567 rustica
1623 1537 1661 1568 et
1682 1533 1880 1577 impudenti
1912 1534 2194 1569 dedicatione
2230 1540 2471 1579 perpetuaque
2508 1534 2620 1580 ipsius

201 1589 423 1627 Maecenatis
439 1589 653 1626 allocutione
669 1600 703 1626 v.
722 1590 777 1626 14.
794 1591 851 1626 38.
866 1591 925 1627 40.
942 1591 999 1626 41.
1016 1591 1073 1625 45.
1086 1590 1143 1625 46.
1156 1590 1213 1626 49.
1228 1591 1378 1626 52-56.
1397 1591 1454 1626 63.
1472 1590 1623 1626 69—78.
1640 1591 1792 1627 81-95.
1813 1591 2008 1627 101—104.
2028 1592 2094 1627 121
2111 1590 2227 1635 (nemo
2245 1590 2339 1628 enim
2356 1593 2458 1629 credo
2476 1592 2545 1629 erit
2562 1590 2623 1638 qui

200 1658 272 1683 non
295 1659 401 1692 posse
424 1659 495 1683 non
519 1648 623 1691 tangi
647 1648 702 1682 his
726 1648 886 1682 versibus
910 1648 1026 1691 ipsum
1050 1649 1295 1683 Maecenatem
1319 1649 1443 1691 neget)
1479 1649 1634 1683 animum
1670 1649 1907 1683 liberalissimi
1931 1649 2250 1684 munificentissimi
2280 1654 2317 1684 et
2347 1651 2519 1685 carissimi
2547 1651 2623 1685 fau-

199 1705 289 1741 toris
314 1705 371 1740 sui
394 1705 558 1749 graviter
580 1706 742 1741 laesurus
764 1704 917 1741 fuisset?
948 1705 1008 1740 sed
1033 1705 1117 1748 quid
1140 1704 1278 1740 multa?
1308 1705 1388 1740 ilico
1415 1717 1458 1741 ex
1481 1705 1548 1741 hac
1572 1704 1685 1742 satira
1708 1705 1794 1740 mihi
1824 1706 1926 1741 crede
1951 1717 2077 1742 nomen
2102 1706 2321 1743 Maecenatis
2352 1708 2624 1752 expungendum

197 1763 399 1806 lacunaque
424 1773 515 1806 quae
540 1762 621 1797 inde
646 1762 760 1797 oritur
783 1762 841 1797 vel
866 1762 931 1797 tali
954 1763 1056 1796 modo
1082 1762 1269 1805 explenda:

719 1851 725 1857 ’
782 1837 860 1898 ‘Qui
883 1852 924 1888 fit
948 1853 1075 1896 (scire
1100 1853 1269 1897 nefas!)‚
1293 1856 1335 1888 ut
1357 1863 1458 1889 nemo
1484 1861 1589 1897 quam
1614 1852 1681 1889 sibi
1704 1856 1836 1889 sortem

787 1921 852 1946 seu
875 1912 967 1945 ratio
993 1911 1131 1946 dederit
1155 1922 1218 1946 seu
1239 1912 1313 1945 fors
1338 1911 1517 1953 obiecerit,
1542 1911 1607 1946 illa

783 1972 975 2004 contentus
999 1968 1109 2012 vivat,
1133 1968 1255 2003 laudet
1279 1967 1418 2003 diversa
1443 1966 1656 2011 sequentes?

190 2070 283 2097 nnuc
320 2071 450 2105 quaeso
486 2060 616 2096 iterum
652 2060 734 2104 lege
770 2061 973 2104 centiesque
1009 2061 1129 2104 relege
1165 2060 1212 2095 sis
1250 2060 1396 2095 satiram
1432 2059 1530 2095 illam
1567 2070 1638 2105 qua
1660 2058 1750 2096 nihil
1772 2070 1941 2104 umquam
1964 2060 2049 2095 novi
2079 2059 2244 2096 festivius
2274 2059 2364 2095 nihil
2393 2059 2524 2095 tersius
2555 2069 2621 2095 nee

193 2118 409 2163 elegantius!
434 2117 506 2153 iam
531 2117 655 2161 quovis
679 2117 829 2163 pignore
853 2119 1064 2155 contendam
1090 2128 1167 2154 eam
1191 2128 1283 2154 nuuc
1307 2118 1435 2154 omisso
1460 2117 1680 2154 Maecenatis
1709 2117 1851 2154 nomine
1881 2118 2042 2154 omnibus
2080 2117 2141 2162 qui
2177 2117 2321 2162 sapiimt
2356 2117 2467 2153 multo
2504 2116 2620 2162 magis

141 2179 144 2181 ’
194 2177 408 2222 placituram
434 2186 523 2212 esse.

406 2234 464 2270 Ac
487 2235 531 2270 de
554 2234 699 2278 reliquis
724 2235 936 2271 carminibus
962 2234 1188 2271 dedicatoriis
1213 2233 1358 2270 Horatii
1382 2233 1498 2270 veluti
1523 2233 1566 2269 de
1592 2233 1694 2278 epist.
1721 2232 1741 2269 I
1767 2236 1787 2269 1
1813 2237 1851 2270 et
1875 2233 1974 2278 epod.
1999 2232 2030 2278 Ι,
2056 2242 2147 2278 quae
2172 2231 2315 2277 quidem
2341 2232 2497 2269 carmina
2532 2232 2619 2270 item

196 2292 301 2329 valde
326 2296 491 2337 suspecta
516 2292 603 2327 mihi
626 2292 803 2337 videntur,
818 2293 888 2330 alio
913 2293 989 2329 loco
1015 2293 1236 2329 enucleatius
1262 2292 1387 2327 dicam.
1437 2291 1570 2327 etenim
1594 2295 1636 2327 ut
1660 2291 1785 2327 statim
1809 2291 1965 2336 aperiam
1991 2292 2083 2335 quod
2107 2291 2232 2335 sentio,
2251 2290 2437 2327 ostendere
2468 2291 2620 2328 conabor

193 2350 415 2394 argumentis
440 2350 471 2385 si
494 2354 617 2393 potero
642 2347 751 2385 firmis
776 2355 813 2386 et
837 2352 883 2386 ad
906 2351 1189 2394 persuadendum
1214 2350 1309 2393 aptis
1335 2350 1403 2384 duo
1428 2349 1607 2392 poematia
1630 2348 1694 2384 illa
1709 2348 1925 2393 interpolata
1942 2360 2019 2385 esse
2034 2347 2123 2384 nihil
2140 2359 2266 2384 curans
2282 2348 2619 2392 pseudocriticorum

193 2408 411 2451 quomndam
446 2407 559 2443 malas
595 2411 691 2443 artes
726 2408 937 2451 futtilesque
973 2408 1222 2459 ratiunculas.⁸
1254 2417 1401 2450 quorum
1437 2417 1528 2442 unus
1564 2415 1677 2450 nuper
1700 2405 1795 2441 haud
1818 2406 1969 2441 multum
1992 2405 2085 2442 afuit
2115 2405 2199 2449 quin
2227 2406 2329 2442 nobis
2363 2416 2492 2442 novam
2527 2405 2616 2442 artis

192 2465 339 2500 criticae
362 2467 479 2509 legem
504 2477 545 2500 ac
569 2476 728 2500 normam
752 2465 844 2500 serio
869 2466 1131 2500 commendaret
1155 2464 1292 2499 scilicet
1307 2465 1416 2499 talem
1442 2460 1673 2512 συλλογισμόν
1701 2462 1732 2498 si
1762 2463 1817 2498 dis
1846 2464 1963 2507 placet
1992 2464 2269 2500 comminiscens:
2302 2465 2381 2499 hoc
2410 2464 2618 2508 languide

197 2527 241 2558 et
264 2522 414 2566 inepte
439 2522 600 2558 dictum
626 2526 703 2558 est.
752 2522 966 2558 Horatius
991 2523 1109 2557 homo
1134 2522 1232 2557 fuit.
1258 2522 1320 2565 (an
1343 2521 1535 2566 languidus
1561 2525 1598 2557 et
1622 2519 1803 2565 ineptus2)
1828 2530 1930 2566 ergo
1955 2521 2032 2557 hoc
2056 2522 2106 2558 ab
2130 2521 2318 2567 Horatio
2349 2521 2514 2558 dictum
2538 2526 2617 2558 est.

193 2590 274 2624 ‚qno
298 2580 636 2623 pseudocriticorum
660 2590 795 2623 genere
818 2598 862 2603 —
889 2581 997 2615 verba
1022 2580 1228 2614 Ruhnkenii
1253 2583 1337 2614 sunt
1359 2580 1383 2613 1.
1410 2591 1439 2613 c.
1465 2590 1487 2613 a
1511 2589 1568 2614 me
1593 2579 1664 2614 iam
1688 2578 1799 2614 allata
1823 2594 1866 2602 ·—
1892 2579 2009 2614 nescio
2039 2589 2085 2614 an
2120 2581 2257 2616 nullum
2292 2579 2342 2614 sit
2376 2579 2617 2623 impudentius

195 2645 232 2672 et
248 2636 381 2672 litteris
397 2637 564 2680 nobisque
589 2637 703 2681 magis
728 2637 925 2672 molestum.
967 2648 1049 2672 nam
1074 2637 1166 2680 quod
1192 2636 1379 2681 angustiae
1403 2636 1555 2680 pectoris
1573 2636 1628 2672 sui
1643 2647 1713 2671 non
1735 2636 1889 2681 capiunt,
1905 2648 1975 2673 non
1991 2637 2104 2673 solum
2119 2637 2224 2681 gravi
2241 2637 2428 2681 supercilio
2447 2637 2617 2674 damnant

197 2694 259 2730 sed
284 2694 393 2729 etiam
417 2694 589 2729 invidiose
614 2694 769 2729 clamant
793 2694 859 2729 hoc
884 2695 1023 2730 demum
1048 2705 1125 2729 esse
1149 2705 1274 2730 urere
1299 2705 1449 2730 secare
1472 2692 1698 2733 mutilarel,
1729 2712 1772 2718 —

408 2752 443 2795 *)
468 2752 598 2789 Nescio
623 2763 669 2788 an
692 2753 784 2789 hanc
807 2752 920 2796 ipsam
944 2752 1164 2788 Maecenatis
1194 2753 1466 2796 appellationem
1496 2753 1730 2797 interpolator
1752 2753 1795 2789 ab
1831 2752 1963 2799 insigni
1999 2754 2074 2790 loco
2099 2752 2311 2798 Vergiliano
2347 2756 2532 2789 mutuatus
2568 2751 2618 2788 sit

195 2810 288 2847 Aen.
314 2810 394 2847 VII
417 2812 488 2846 473
512 2820 569 2854 sq:

784 2869 877 2902 hunc
901 2869 1029 2903 decus
1055 2868 1239 2911 egregium
1262 2868 1397 2902 formae
1421 2873 1541 2903 movet
1565 2873 1672 2912 atque
1695 2870 1875 2913 iuventae,

784 2926 877 2960 hunc
903 2925 1025 2960 atavi
1049 2935 1195 2968 regeS‚
1219 2925 1311 2960 hunc
1336 2925 1439 2960 claris
1464 2926 1610 2961 dextera
1632 2926 1749 2961 factis.

192 3031 343 3064 quocum
366 3020 445 3054 loco
470 3018 682 3053 conferenda
707 3028 797 3060 quae
823 3017 954 3059 Georg.
980 3016 1021 3050 Π
1045 3018 1092 3052 40
1116 3021 1273 3052 exstant:

786 3107 807 3131 o
832 3096 977 3139 decus,
1002 3107 1022 3130 ο
1046 3096 1161 3131 famae
1185 3096 1310 3132 merito
1328 3080 1416 3141 ⁸pars
1440 3109 1605 3134 maxuma
1628 3102 1780 3133 nostrae.

188 3179 401 3224 omninoque
459 3177 531 3214 dici
572 3176 632 3213 vix
672 3179 792 3220 potest
833 3180 919 3219 quot
957 3174 1025 3210 loci
1065 3174 1373 3220 pseudohoratiani
1414 3187 1457 3213 ex
1502 3175 1702 3213 imitatione
1742 3174 1898 3221 Vergilii
1938 3174 2107 3212 fluxerint
2146 3174 2282 3212 scilicet
2321 3185 2386 3222 per
2430 3175 2615 3223 imperitos

187 3237 435 3281 compilatores
458 3239 651 3278 utcumque
664 3232 888 3270 concinnati.
920 3233 1011 3276 quod
1036 3232 1175 3276 quidem
1200 3234 1314 3269 adhuc
1338 3244 1462 3279 parum
1487 3238 1668 3279 spectasse
1692 3232 1780 3268 mihi
1803 3233 1971 3268 videntur
1994 3233 2120 3269 critici.

376 3292 435 3336 **)
459 3294 517 3328 De
541 3292 779 3336 perversitate
803 3291 907 3325 huius
932 3291 1095 3326 dictionis
1119 3292 1303 3327 sanissimo
1328 3292 1456 3327 iudicio
1488 3292 1539 3327 sic
1569 3292 1768 3336 disputavit
1789 3290 2061 3335 Peerlkampius
2096 3304 2119 3328 a
2154 3293 2336 3329 nullodum
2374 3294 2468 3338 quod
2503 3293 2613 3330 sciam

182 3352 376 3389 refutatus:
403 3355 535 3396 ‚meta
572 3349 743 3387 evitata
778 3347 890 3384 rotis
913 3359 982 3384 non
1006 3353 1170 3386 accurate
1194 3349 1246 3386 rei
1278 3349 1470 3386 veritatem
1500 3350 1668 3387 ostendit.
1716 3360 1799 3386 nam
1835 3353 1873 3386 et
1908 3348 1962 3385 illi
1997 3352 2128 3387 metam
2165 3350 2338 3388 evitant
2374 3351 2435 3397 qni
2469 3361 2613 3389 currum
