2834 3629
1401 85 1433 132 9

806 222 873 261 est
899 217 972 273 qui
999 230 1080 260 nec
1104 215 1260 260 veteris
1288 215 1442 273 pocula
1467 214 1640 259 Massici

805 296 886 327 neo
909 287 1072 340 partem
1098 282 1234 326 solido
1260 282 1432 326 demere
1456 281 1512 331 de
1540 281 1612 324 die

806 349 980 405 spernit,
1007 361 1119 392 nunc
1142 348 1270 392 vii-idi
1295 349 1484 392 membra
1509 348 1589 392 sub
1612 349 1765 392 arbuto

808 419 964 459 sti-atus
996 428 1109 458 nunc
1133 414 1191 458 ad
1214 429 1351 470 aquae
1380 414 1477 459 lene
1502 419 1628 472 caput
1660 429 1820 459 sacrae.

808 525 960 570 multos
989 528 1128 569 castra
1154 524 1300 568 iuvant
1326 531 1370 568 et
1395 525 1498 570 lituo
1525 526 1652 569 tubae

808 592 1040 647 permixtus
1068 590 1229 633 sonitus
1257 591 1453 645 bellaque
1481 591 1680 634 matribus

808 658 1016 701 detestata
1063 688 1624 703 .........

810 836 938 892 [sera
964 833 1126 893 nocte]
1156 838 1298 877 manet
1325 834 1403 877 sub
1434 834 1532 875 Iove
1561 833 1711 888 frigido

807 908 982 945 venator
1010 907 1181 944 tenerae
1209 901 1398 956 coniugis
1425 900 1639 955 inmemor,

809 983 886 1013 seu
923 970 1014 1012 visa
1048 972 1112 1011 est
1147 966 1361 1010 canibus
1394 980 1519 1009 cerva
1553 966 1825 1021 sagacibus

810 1048 886 1079 seu
914 1035 1027 1091 rupit
1055 1038 1210 1077 teretes
1238 1034 1403 1077 Marsus
1430 1045 1535 1088 aper
1560 1032 1723 1088 plagas.

809 1159 877 1188 me
906 1146 1123 1189 doctarum
1153 1144 1338 1188 hederae
1366 1144 1555 1199 praemia
1583 1144 1783 1187 frontium

810 1217 1031 1254 secernunt
1058 1210 1227 1266 populo,
1256 1210 1295 1254 si
1322 1223 1461 1265 neque
1488 1210 1616 1254 tibias

811 1278 993 1333 Euterpe
1022 1277 1192 1320 cohibet
1220 1290 1298 1320 nec
1325 1277 1605 1332 Polyhymnia

808 1345 1019 1388 Lesboum
1046 1343 1205 1398 refugit
1230 1343 1404 1386 tendere
1433 1343 1640 1386 barbiton.

417 1471 484 1513 En
502 1468 637 1510 babes
657 1479 808 1509 novam
829 1465 1022 1508 carminis
1042 1465 1215 1508 formam
1236 1478 1288 1508 ac
1307 1465 1492 1522 speciem
1507 1465 1673 1520 qualem
1688 1465 1744 1508 ad
1760 1465 2014 1521 strophicam
2029 1465 2368 1522 compositionem
2384 1459 2573 1509 efartem
2589 1466 2629 1509 si

216 1538 326 1580 forte
352 1535 624 1580 Horatianam
653 1533 926 1589 probabiliter
944 1546 1168 1576 revocasse
1186 1532 1311 1575 nobis
1330 1532 1532 1574 videmur.
1576 1546 1703 1586 quam
1722 1532 1892 1587 quidem
1913 1532 2255 1587 compositionem
2278 1533 2402 1587 plane
2421 1532 2629 1575 diversam

218 1616 316 1646 esse
343 1616 371 1645 a
397 1601 677 1654 Meinekiana‚
712 1599 755 1641 in
791 1598 1041 1653 quibusdam
1075 1599 1266 1654 partibus
1302 1597 1427 1640 etiam
1463 1611 1491 1639 a
1517 1597 1772 1640 Nauckiana
1805 1611 1935 1653 supra
1978 1598 2063 1641 iam
2112 1598 2356 1641 monuimus.
2413 1595 2492 1640 ''sed
2535 1598 2629 1651 quis

219 1667 388 1711 tandem
417 1680 577 1722 quaeso
602 1666 709 1709 haec
736 1678 870 1720 parva
897 1664 1035 1707 frusta
1068 1676 1120 1706 ac
1153 1663 1391 1718 fragmenta
1424 1677 1534 1718 quae
1569 1663 1694 1706 modo
1739 1665 2034 1720 proposuimus
2075 1676 2151 1719 pro
2194 1663 2373 1706 carmine
2402 1663 2632 1707 Horatiano

218 1733 419 1777 habebit?
448 1758 501 1764 —
532 1745 669 1775 nonne
698 1730 826 1774 etiam
846 1730 1098 1774 novissimus
1116 1729 1311 1786 idemque
1331 1729 1602 1774 felicissimus
1625 1730 1994 1787 interpolationum
2012 1729 2332 1773 Horatianarum
2357 1730 2632 1785 investigator

219 1799 467 1854 Lehrsius*)
495 1797 821 1842 audacissimam
850 1809 1020 1839 manum
1049 1809 1169 1839 suain
1198 1810 1226 1839 a
1252 1796 1387 1853 primo
1408 1796 1593 1840 carmine
1618 1797 1785 1840 omnino
1814 1797 2017 1841 abstinuit
2034 1802 2249 1851 totumque
2267 1809 2417 1852 poema
2433 1796 2634 1839 intactum

218 1866 414 1920 reliquit?
442 1879 494 1909 ac
522 1865 576 1908 de
605 1864 781 1907 Lehrsio
810 1862 976 1919 quidem
1006 1863 1192 1906 concedo
1221 1867 1264 1905 et
1292 1864 1417 1907 doleo
1436 1863 1551 1919 quod
1568 1865 1866 1915 κριτικώτατοε
1885 1864 1954 1908 ille
1973 1868 2135 1907 tantum
2153 1863 2256 1906 afuit
2275 1868 2322 1906 nt
2339 1863 2448 1905 hanc
2466 1862 2633 1918 longam

218 1932 412 1987 frigidam
439 1945 492 1975 ac
519 1931 738 1975 molestam
767 1929 821 1971 de
849 1929 978 1972 variis
1006 1930 1219 1973 hominum
1248 1930 1398 1973 studiis
1425 1931 1624 1984 vitaeque
1653 1931 1966 1974 condicionibus
1993 1930 2114 1985 quasi
2148 1929 2534 1972 commentationem
2564 1929 2632 1971 vel

218 1998 360 2056 potius
378 1997 705 2054 farraginem**)
731 1994 942 2051 quandam
961 1995 1005 2037 in
1032 1995 1201 2039 brevius
1230 1996 1495 2040 contraheret
1521 2001 1568 2039 ut
1597 2002 1693 2053 post
1720 2011 1761 2040 v.
1792 2000 1818 2041 7
1847 1997 1975 2040 etiam
2003 2001 2198 2051 quattuor
2223 2009 2370 2039 versus
2395 1995 2500 2039 miro
2528 2008 2632 2038 sane

219 2063 413 2109 acumine
441 2062 660 2109 addendos
690 2077 786 2106 esse
812 2061 1107 2118 suspicaretur.
1154 2078 1242 2119 quo.
1264 2062 1439 2119 quidem
1467 2062 1636 2107 invento
1664 2062 1777 2108 idem
1807 2063 1974 2107 criticus
2003 2063 2130 2107 etiam
2158 2062 2238 2105 arti
2266 2061 2466 2105 metricae
2484 2076 2632 2117 parum

430 2220 467 2266 ⁸>
491 2220 536 2268 Q.
559 2219 774 2258 Horatius
798 2219 990 2255 Flaccus.
1030 2219 1100 2255 Mit
1120 2219 1402 2265 voraugsweiser
1415 2220 1614 2255 Rucksicht
1636 2219 1703 2255 auf
1721 2219 1779 2255 die
1801 2221 1977 2256 unechten
2001 2219 2138 2256 stenen
2160 2219 2232 2255 und
2247 2218 2434 2255 Gediclite.
2473 2217 2634 2254 Hei-am-

216 2279 381 2325 gegeben
401 2288 473 2316 von
497 2278 547 2316 K.
571 2277 726 2321 Leia-s,
749 2277 979 2314 Professor
1001 2277 1045 2314 in
1067 2277 1358 2323 Konigsberg.
1406 2277 1567 2322 Leipzig.
1594 2278 1696 2314 1869.
1720 2287 1754 2322 p.
1778 2277 1910 2314 XXVI
1932 2288 1984 2322 sq,

402 2333 462 2378 t*)
483 2334 580 2372 Vide
603 2333 713 2370 etiam
736 2335 895 2380 quaeda
929 2334 1037 2369 simili
1059 2335 1097 2370 J.
1122 2334 1216 2369 Chr.
1246 2334 1399 2370 Jahnii
1434 2345 1553 2370 errore
1586 2334 1703 2379 lepide
1738 2340 1862 2370 narrat
1895 2335 2115 2372 Linkerns
2149 2335 2175 2370 1.
2200 2345 2230 2370 c.
2255 2344 2340 2379 pag.
2366 2335 2436 2370 108
2459 2334 2542 2369 adn.
2568 2334 2629 2369 1⁷:

215 2393 306 2440 ‚Der
352 2392 463 2431 durch
508 2391 569 2430 ein
602 2391 818 2429 Vei-konnen
865 2390 982 2428 dieser
1016 2391 1238 2437 Gliederung
1282 2391 1514 2429 entstehende
1549 2390 1755 2429 Widersinn
1788 2391 1889 2437 zeigt
1922 2391 1998 2429 sich
2032 2391 2229 2429 ‘besonders
2275 2390 2435 2428 deutlich
2482 2390 2522 2429 in
2569 2390 2636 2429 der

215 2451 432 2487 musterium
455 2449 725 2486 conservativen
747 2448 991 2492 abhandlung
1014 2459 1085 2483 von
1107 2447 1260 2484 weiland
1282 2450 1320 2485 J.
1346 2450 1440 2484 Chr.
1463 2450 1579 2485 Jahn
1602 2449 1647 2485 de
1669 2450 1814 2484 Horatii
1839 2451 1994 2486 carmine
2016 2451 2140 2495 primo.
2188 2450 2289 2495 Lips-
2314 2451 2418 2485 1845.
2459 2450 2635 2485 Derselbe

216 2509 330 2546 findet
352 2508 388 2545 S.
414 2510 460 2544 12
482 2507 522 2543 in
544 2508 625 2544 dein
646 2515 786 2551 gamen
809 2505 985 2542 Gedielite
1007 2515 1134 2542 novem
1161 2506 1341 2542 hominum
1369 2506 1555 2551 imagines,
1577 2505 1651 2541 und
1673 2515 1781 2550 zvar,
1815 2506 1884 2543 wie
1914 2516 1954 2543 ei·
1987 2507 2200 2551 vermntliet,
2235 2507 2328 2543 nach
2362 2507 2427 2543 der
2449 2506 2542 2543 zahl
2569 2506 2638 2543 der

213 2566 353 2611 Enseu,
377 2565 493 2602 denen
515 2564 579 2602 der
593 2563 745 2600 Dichter
766 2562 843 2599 sicli
866 2562 1035 2608 ergeben:
1060 2562 1157 2599 diese
1171 2562 1359 2600 Neunzalil
1381 2564 1467 2600 aber
1489 2562 1631 2600 scheide
1655 2562 1731 2599 sich
1753 2563 1886 2600 wieder
1908 2564 1947 2601 in
1969 2563 2047 2602 drei
2062 2564 2245 2611 (huppen,
2259 2564 2416 2602 namlicli
2440 2566 2474 2601 1.
2489 2564 2634 2601 Boch-

216 2625 450 2671 geborene,
470 2623 606 2661 welche
621 2621 679 2659 die
700 2621 863 2658 ererbten
878 2621 996 2657 Gruter
1009 2632 1080 2657 von
1101 2621 1140 2664 a)
1156 2620 1287 2666 Βιιδω,
1307 2621 1345 2666 δ)
1361 2621 1459 2658 mire
1473 2622 1547 2658 und
1561 2621 1596 2666 e)
1611 2622 1829 2659 Reichthum
1844 2623 1918 2659 sich
1935 2634 1981 2659 zu
1996 2618 2185 2665 bewaliren
2200 2623 2361 2665 sti-obem
2376 2625 2412 2660 2.
2428 2623 2636 2668 Niedrig·

214 2682 432 2730 geborene
454 2681 528 2717 und
547 2690 645 2717 mar
665 2679 703 2724 a)
726 2678 845 2716 kleine
868 2679 1022 2724 Rauen,
1038 2678 1077 2722 δ)
1092 2672 1297 2724 Kaufieute,
1319 2678 1354 2723 c)
1369 2678 1587 2723 Privatiers3
1611 2682 1646 2716 3.
1671 2680 1795 2724 (ohne
1817 2681 2042 2726 generelle
2056 2680 2386 2727 Bezeichnung)
2410 2681 2449 2726 a)
2464 2681 2636 2727 Κήυκα,

215 2741 255 2784 δ)
278 2740 406 2785 ngat,
429 2749 477 2774 sn
497 2738 657 2775 walchen
680 2738 775 2773 daim
798 2737 833 2780 c)
861 2747 969 2773 miser
989 2736 1112 2772 Horas
1141 2737 1179 2772 in
1208 2737 1333 2781 signer
1342 2733 1490 2773 Person
1525 2737 1601 2773 sicli
1635 2738 1775 2781 gesellt.
1825 2738 1903 2774 Der
1924 2738 2116 2774 Vertasser
2149 2739 2214 2774 bat
2248 2738 2353 2775 dabei
2386 2743 2483 2775 uota
2517 2738 2637 2775 seiiiei·

212 2797 311 2834 bona
331 2796 421 2833 fides
443 2796 509 2832 der
528 2794 783 2831 uberneferten
806 2793 951 2830 Gestalt
973 2794 1035 2830 des
1059 2793 1253 2830 Gediclites
1288 2794 1359 2830 wol
1393 2794 1584 2831 denselben
1606 2794 1738 2831 Dienst-
1768 2795 1952 2840 erwiesen‚
1987 2795 2069 2833 wie
2091 2795 2131 2832 in
2165 2796 2281 2833 einen
2315 2795 2504 2835 shnlichen
2531 2795 2637 2832 Falle

210 2854 340 2900 Orelli.
363 2853 418 2892 als
442 2863 481 2891 ei·
503 2852 614 2890 durch
636 2851 735 2899 seins
757 2851 946 2889 vermem
966 2851 1271 2897 Rechtferti'gung
1300 2851 1363 2887 der
1390 2851 1593 2889 vorletzten
1615 2851 1770 2898 strophe
1797 2852 1836 2889 in
1859 2853 1977 2890 Gai-m.
2000 2852 2043 2890 11
2067 2855 2090 2889 1
2114 2853 2173 2891 die
2195 2852 2490 2899 Unmugiiehkeit
2517 2852 2636 2890 dieses

212 2912 438 2950 lachwerks
460 2914 536 2949 erst
558 2911 660 2947 recht
680 2910 737 2946 ins
760 2910 874 2947 Klare
897 2914 1024 2947 setzte.
1072 2910 1173 2947 Aber
1194 2911 1233 2947 J.
1257 2910 1322 2946 hat
1344 2911 1436 2946 auch
1459 2911 1540 2947 dein
1560 2911 1714 2947 Dichter
1735 2912 1834 2947 kuhn
1855 2911 2133 2949 nachzudenken
2155 2912 2229 2948 und
2251 2911 2535 2955 nachzudiclitaen
2556 2921 2635 2948 ver-

212 2970 329 3007 sueht.
374 2969 422 3006 In
444 2969 514 3007 dsn
535 2972 712 3005 teir-arum
736 2967 869 3005 domini
895 2968 1022 3013 glaubt
1050 2977 1090 3004 er
1116 2966 1297 3004 disselben
1330 2967 1463 3004 wieder
1490 2978 1538 3004 zu
1565 2968 1695 3014 finden,
1725 2980 1845 3014 quos.
1871 2995 1881 3005 .
1906 2995 1916 3005 .
1941 2969 2055 3014 iuvat,
2087 2968 2243 3005 namlieh
2277 2968 2451 3005 romische
2485 2969 2636 3013 nobiles,

212 3027 351 3066 welche
372 3026 443 3064 init
462 3026 577 3065 ihrein
599 3025 775 3064 Dominat
793 3025 884 3063 aber
905 3025 974 3063 den
996 3024 1167 3063 Erdkreis
1189 3024 1290 3062 nicht
1317 3025 1501 3064 zufrieden
1535 3026 1628 3064 ancli
1656 3026 1695 3064 iii
1718 3025 1882 3073 Olympia
1915 3025 2161 3072 mitkampfien.
2208 3025 2316 3065 Demi
2338 3026 2469 3064 sollten
2497 3026 2557 3064 die
2590 3025 2636 3063 di

212 3084 327 3122 sellist
349 3084 404 3122 als
427 3084 489 3122 die
510 3089 687 3122 terrarum
709 3084 843 3121 domini
863 3083 1071 3121 bezeichnet
1091 3083 1246 3128 werden,
1268 3094 1308 3120 so
1331 3084 1435 3121 hatte
1457 3085 1521 3121 der
1542 3084 1695 3121 Dichter
1717 3085 1899 3121 schreiben
1921 3087 2079 3121 mussent

936 3141 1182 3188 .palmsqus
1203 3140 1335 3179 nobilis
1396 3156 1410 3176 .-

819 3204 994 3237 terrama
1017 3199 1168 3237 dominis
1190 3199 1402 3246 aequipo-‚t
1423 3199 1526 3236 dna*

421 3257 1578 3307 Soistnleanaao.p.is.1>·kunntenvirv.3o
1606 3258 1887 3295 ausderForin
1925 3259 1990 3295 dis
2026 3259 2325 3305 woiguoinen
2354 3259 2642 3296 neuenBeweia

207 3312 274 3349 dei·
296 3313 558 3361 Inte-polimii
579 3314 796 3361 gavinum?
819 3333 864 3340 -—
