2834 3629
1435 78 1465 127 6

889 212 1043 255 multos
1072 214 1213 255 eastra
1242 210 1392 255 iuvant
1421 216 1464 255 et
1491 212 1594 256 lituo
1623 212 1751 257 tubae

887 278 1121 333 permixtus
1148 278 1311 323 sonitus
1339 273 1537 334 bellaque
1565 281 1770 324 matribus

825 366 829 370 -
887 344 1097 388 detestata
1135 374 1701 392 .........

889 553 900 563 .
970 555 982 565 .
1135 553 1146 564 .
1201 527 1344 565 manet
1372 523 1451 566 sub
1482 524 1583 567 Iove
1613 524 1767 580 frigido

888 593 1064 630 venator
1090 593 1265 632 tenerae
1295 590 1487 643 coniugis
1515 591 1730 643 inmemor,

887 668 963 698 seu
992 652 1089 698 visa
1116 660 1183 699 est
1211 654 1361 699 catulis
1389 670 1514 699 cerva
1541 656 1733 699 fidelibus

887 734 965 766 seu
993 721 1108 778 rupit
1136 726 1290 766 teretes
1317 722 1481 766 Marsus
1510 735 1614 780 aper
1641 722 1802 778 plagas.

231 847 287 878 en
313 833 414 877 vide
443 831 571 877 duas
600 832 777 877 lacunas
805 832 986 877 feliciter
1014 832 1057 875 ni
1085 832 1206 877 fallor
1234 847 1261 876 a
1296 846 1362 876 me
1397 832 1584 876 detectas
1619 832 1673 876 de
1708 832 1862 889 quibus
1904 831 2128 877 nemodum
2172 832 2391 890 cogitavit!
2436 840 2479 879 et
2520 836 2652 881 altera

230 901 401 958 quidem
428 900 585 943 lacuna
612 903 699 943 tam
733 913 867 957 parva
901 906 977 955 est,
1014 905 1060 944 ut
1095 913 1188 943 eam
1223 899 1393 955 explere
1438 899 1550 942 baud
1592 912 1695 943 sane
1738 899 1910 944 difficile
1952 899 2159 945 videatur.
2218 901 2374 946 etenim
2402 915 2498 946 cum
2528 916 2566 948 ν.
2599 902 2655 948 25

227 968 404 1011 verbum
432 971 599 1011 manet
629 967 797 1010 exiliter
824 972 867 1010 et
893 966 1045 1023 frigide
1074 966 1230 1008 dictum
1260 966 1313 1009 sit
1342 980 1392 1009 ae
1421 965 1656 1020 requiratur
1684 966 1843 1022 aliquid
1872 980 1954 1022 quo
1982 981 2181 1023 maguum
2207 968 2314 1013 illud
2334 973 2377 1012 et
2396 982 2495 1013 aere
2514 969 2651 1013 cuius·

226 1034 289 1077 vis
318 1034 533 1078 venatoris
568 1034 753 1077 studium
789 1033 955 1089 plenius
990 1039 1031 1075 et
1074 1033 1226 1076 clarius
1270 1033 1528 1088 exprimatur
1571 1047 1748 1088 eumque
1794 1033 2045 1089 interpretes
2093 1041 2178 1077 tam
2223 1035 2482 1089 antiquiores
2526 1049 2650 1090 quam

228 1100 487 1147 recentiores
523 1104 688 1145 manet
722 1099 837 1144 idem
865 1099 934 1144 hic
963 1113 1055 1144 esse
1085 1099 1324 1144 existiment
1358 1104 1486 1154 atque
1520 1104 1789 1155 pernoctat
1826 1099 1882 1143 ad
1917 1099 2044 1144 alium
2073 1099 2211 1144 locum
2248 1100 2523 1146 Horatianum
2557 1115 2652 1160 pro-

230 1173 437 1212 vocantes
466 1172 546 1211 sat.
577 1167 619 1210 11
646 1169 686 1211 3.
716 1168 798 1211 234

883 1265 926 1307 in
955 1266 1051 1307 nive
1082 1265 1252 1308 Lucana
1283 1265 1439 1308 dormis
1469 1269 1662 1308 ocreatus
1693 1273 1738 1307 ut
1767 1278 1916 1321 aprum

885 1346 1029 1376 cenem
1060 1346 1153 1386 ego,

228 1433 329 1489 quid
358 1447 517 1490 quaeso
547 1433 807 1491 probabilius
826 1433 893 1477 vel
922 1432 1064 1490 aptius
1092 1446 1219 1489 quam
1248 1431 1380 1489 ipsius
1410 1431 1575 1475 noetis
1605 1432 1817 1477 notionem
1837 1433 1891 1477 ad
1912 1433 2279 1489 redintegrandam
2299 1432 2412 1477 illam
2432 1433 2645 1479 venatoris

231 1500 561 1556 descriptionem
590 1501 660 1543 hic
691 1500 850 1543 addere
880 1501 955 1543 tali
985 1500 1073 1543 fere
1102 1499 1245 1542 modo:

886 1613 1019 1668 [sera
1048 1609 1218 1668 nocte]
1250 1615 1392 1653 manet
1421 1610 1497 1653 sub
1529 1610 1628 1653 Iove
1658 1609 1815 1665 frigido

883 1683 1060 1721 venator
1087 1683 1257 1721 tenerae
1287 1677 1478 1731 coniugis
1508 1676 1723 1731 inmemor,

881 1758 956 1789 seu
985 1745 1077 1787 visa
1106 1750 1170 1788 est
1201 1743 1350 1786 catulis
1380 1756 1506 1786 cerva
1533 1742 1733 1787 fidelibus

880 1826 955 1856 seu
985 1812 1095 1866 rupit
1123 1815 1280 1854 teretes
1310 1810 1475 1853 Marsus
1504 1823 1608 1865 aper
1635 1810 1797 1865 plagas.

228 1923 310 1965 heu
339 1923 510 1978 edepol!
541 1936 666 1977 quam
688 1923 798 1966 bella
817 1914 1015 1978 quattuor
1043 1935 1240 1965 versuum
1259 1922 1435 1976 stropha
1460 1946 1505 1953 —-
1533 1921 1715 1965 fortasse
1734 1922 1887 1976 inquis.
1926 1935 2007 1977 ego
2026 1935 2127 1965 vero
2146 1936 2244 1965 num
2265 1936 2436 1967 omnes
2454 1928 2649 1978 quattuor

230 1989 324 2033 eius
355 1989 552 2046 strophae
587 2002 735 2033 versus
771 1989 863 2033 sani
892 1995 935 2033 et
964 1989 1019 2031 ab
1050 1989 1159 2031 omni
1189 1989 1286 2031 labe
1316 1988 1439 2031 liberi
1469 1989 1564 2043 siut,
1595 1987 1733 2031 adhue
1761 1988 1944 2032 incertus
1972 1988 2141 2032 haereo.
2190 2003 2288 2041 nam
2317 2003 2412 2032 eum
2440 1989 2494 2032 de
2523 2003 2648 2033 vena-

223 2057 336 2100 tione
364 2057 434 2100 hic
463 2069 599 2100 sermo
629 2057 696 2112 sit,
726 2069 864 2101 nonne
893 2070 970 2113 pro
1007 2056 1193 2100 catulis
1238 2056 1488 2100 fidelibus
1516 2055 1656 2115 potius
1686 2055 1802 2111 ipsos
1838 2068 1990 2099 canes
2026 2056 2293 2101 venaticos
2327 2070 2354 2100 a
2382 2060 2509 2113 poeta
2537 2069 2646 2100 com-

223 2130 474 2167 memoratos
502 2123 633 2168 fuisse
662 2124 884 2180 probabile
914 2124 1008 2167 est?
1037 2136 1161 2178 quem
1191 2122 1247 2165 ad
1276 2122 1447 2165 modum
1465 2123 1509 2165 in
1529 2123 1652 2166 simili
1675 2135 1804 2166 eausa
1829 2124 1992 2167 locutus
2019 2127 2083 2166 est
2102 2123 2313 2178 Vergilius
2342 2124 2445 2167 Aen.
2474 2124 2530 2166 [V
2567 2124 2646 2167 132

874 2235 1133 2290 Massylique
1161 2239 1285 2278 ruunt
1315 2234 1477 2288 equites
1508 2240 1551 2278 et
1581 2235 1738 2278 odora
1769 2247 1947 2278 eanum
1974 2234 2066 2279 vis.

217 2351 261 2389 ut
291 2347 346 2389 ab
377 2345 549 2389 Horatio
577 2359 742 2401 quoque
772 2347 834 2389 sie
863 2346 1093 2400 antiquitus
1123 2345 1322 2400 seriptum
1351 2344 1483 2389 fuisse
1514 2345 1642 2389 facile
1673 2345 1883 2401 suspicari
1912 2346 2070 2401 possis:

873 2470 948 2500 seu
976 2458 1070 2501 visa
1099 2464 1163 2501 est
1191 2457 1408 2500 canibus
1439 2469 1566 2499 cerva
1594 2455 1882 2511 sagacibus.

213 2571 256 2612 in
286 2583 414 2624 quam
443 2569 728 2612 coniecturam
757 2573 872 2611 certo
902 2569 989 2611 scio
1018 2569 1150 2611 fuisse
1180 2569 1405 2624 aliquando
1436 2568 1507 2624 qui
1535 2568 1753 2623 incideret,
1784 2568 1861 2612 sed
1888 2582 1999 2612 nunc
2034 2569 2133 2613 dum
2162 2570 2268 2613 haee
2297 2570 2448 2625 scribo,
2487 2584 2641 2617 nomen

214 2636 343 2679 critici
372 2636 441 2679 vel
470 2635 809 2679 commentatoris
839 2635 904 2678 vel
932 2635 1092 2677 librarii
1128 2650 1212 2678 non
1246 2635 1453 2678 recordor.
1513 2635 1591 2678 sed
1627 2634 1738 2679 unde
1774 2634 1945 2679 tandem
1987 2636 2050 2679 illi
2095 2637 2259 2681 eatuli
2303 2636 2493 2681 fideles
2535 2651 2641 2693 quos

214 2702 356 2757 potius
385 2702 429 2745 in
458 2701 551 2746 sinu
580 2706 622 2745 et
652 2700 873 2756 complexu
903 2700 1151 2744 delicatulae
1179 2699 1355 2744 alieuius
1384 2714 1435 2743 ae
1464 2700 1619 2745 nobilis
1645 2700 1914 2746 mulierculae
1935 2703 2130 2748 crustulis
2149 2702 2439 2748 amantissime
2458 2702 2638 2747 nutritos

209 2783 262 2813 ac
291 2768 560 2813 blandientes
589 2781 717 2822 quam
744 2768 801 2821 ,in
828 2767 925 2810 nive
955 2768 1133 2810 Lucana’
1166 2773 1311 2810 eontra
1340 2781 1487 2811 cervos
1518 2772 1560 2811 et
1595 2782 1721 2823 apros
1755 2769 1906 2812 acriter
1948 2777 2152 2815 venantes
2181 2776 2434 2827 exspectes,
2482 2769 2639 2825 sumpti

212 2835 439 2878 videntur?
468 2835 651 2877 fortasse
681 2848 735 2876 ex
765 2834 915 2876 eodem
944 2834 1126 2887 Vergilio
1156 2834 1228 2886 qui
1259 2835 1359 2878 Bue.
1392 2835 1410 2874 I
1441 2837 1497 2877 23

867 2944 927 2990 sie
957 2944 1168 2989 canibus
1199 2945 1394 2990 catulos
1424 2945 1584 3000 similis,
1615 2946 1676 2992 sie
1705 2947 1907 2992 matribus
1936 2948 2098 2993 haedos

182 3033 192 3039 ἢ
211 3064 253 3102 et
283 3059 437 3114 Georg.
469 3059 533 3102 ΙΙΙ
561 3059 647 3103 404
675 3071 768 3114 sqq.

861 3183 940 3215 nec
969 3168 1046 3214 tibi
1077 3182 1178 3213 cura
1207 3181 1381 3212 canum
1412 3168 1534 3212 suerit
1563 3174 1787 3226 postrema,
1817 3168 1895 3215 sed
1924 3183 2010 3215 una

857 3238 1014 3281 velocis
1046 3237 1229 3293 Spartae
1259 3237 1461 3279 catulos
1489 3249 1715 3291 aeremque
1744 3238 1972 3281 Molossum

859 3320 989 3362 pasce
1020 3320 1116 3350 sero
1146 3304 1305 3361 pingui.
1365 3317 1590 3359 numquam
1621 3304 1870 3349 custodibus
1899 3305 1985 3349 illis
