2834 3629
1395 99 1449 145 ll

212 231 368 289 coner?
400 258 451 266 —
483 235 525 274 et
554 243 706 280 verum,
726 235 783 286 ιιι,
800 230 948 290 fatear,
977 244 1129 287 reapse
1157 230 1257 276 olim
1287 232 1366 279 boc
1395 231 1488 284 feci,
1518 230 1594 275 sed
1624 227 2208 286 paulatimjeniusiudicare
2229 230 2349 284 coepi
2370 229 2508 274 sicubi
2526 229 2633 275 duas

211 310 361 343 manus
389 297 480 341 sive
508 298 836 340 recensiones
864 291 909 339 in
940 298 1018 340 hoc
1040 296 1257 354 poemati«)
1283 298 1603 354 deprehendere
1633 297 1733 338 mihi
1764 296 1881 338 visus
1911 309 2016 348 sum,
2047 308 2173 337 unam
2204 295 2388 350 imperiti
2416 300 2459 338 et
2483 296 2631 340 insulsi

211 365 520 421 interpolatoris
549 365 621 419 qui
649 365 819 418 quidem
848 364 1026 418 ,variare
1055 364 1226 421 cupiens
1261 377 1368 424 rem⁶
1385 363 1678 420 prodigialiter
1720 367 1857 406 uuam'
1902 371 1946 406 ut
1991 363 2127 419 ipsius
2157 361 2301 405 Flacci
2342 362 2484 407 verbis
2525 367 2632 415 utar,

210 445 314 475 vera
341 431 450 476 falsa
477 446 583 476 sana
609 431 762 474 insana
788 429 972 485 genuina
1006 429 1152 484 spuria
1184 429 1421 474 incredibili
1463 430 1700 474 temeritate
1727 445 1795 473 ·ac
1838 428 2018 473 libidine
2059 427 2316 485 permiscuit.
2374 442 2427 472 ac
2455 428 2633 485 primum

212 496 382 555 quidem
426 502 553 554 caput
595 501 637 539 et
681 494 860 541 caudam
902 494 1077 541 carmini
1120 495 1387 552 agglutinaris
1430 496 1534 540 illud
1561 497 1796 540 Maecenati
1842 495 2101 551 dedicavit*)
2149 497 2185 538 l.
2224 496 2264 538 2.
2299 496 2368 538 35.
2404 496 2473 549 36,
2508 507 2633 551 quem

212 700 371 736 ultimus.
419 699 613 739 Horatium
636 702 679 732 ut
702 697 837 742 digitos
859 695 956 740 novi,
978 685 1171 730 Horatium
1195 694 1234 729 in
1263 705 1404 729 succum
1440 700 1479 730 et
1507 697 1713 741 sanguinem
1748 699 1918 742 converti,
1955 709 2035 732 cum
2069 697 2304 743 scriptoribus
2327 696 2478 732 Graecis
2501 700 2539 732 et
2561 695 2632 731 Bo-

212 759 328 795 manis
359 758 579 803 comparavi:
609 757 746 792 nullam
770 756 808 791 in
831 758 936 791 tanta
958 752 1135 790 varietate
1164 752 1380 795 sententiam
1409 763 1529 789 veram
1553 755 1667 791 iudico
1697 766 1810 799 neque
1845 756 1920 800 ipse
1955 756 2137 793 meliorem
2173 757 2298 793 habeo.
2348 755 2473 800 quodsi
2509 755 2634 799 igitur,

213 816 320 861 dices,
344 815 520 852 Horatius
543 824 658 858 neque
682 812 759 858 ipse
783 812 831 848 sit
855 812 1023 848 obscurus
1046 820 1161 854 neque
1184 809 1400 868 interpretes
1424 810 1568 856 indocti,
1598 816 1796 848 statuamus
1824 824 1967 850 neeesse
2003 815 2059 850 est
2094 813 2162 850 hoc
2197 824 2340 850 carmen
2375 812 2421 849 ab
2457 811 2634 858 imperitis

210 871 366 910 librariis
394 880 590 910 sermonem
619 869 770 907 latinum
800 868 1040 907 nescientibus
1076 869 1164 906 adeo
1194 877 1273 906 esse
1308 862 1510 914 corruptum
1544 873 1586 906 ιιι
1620 870 1730 906 verba
1763 880 1928 915 perverse
1964 871 2097 918 scripta
2132 881 2156 909 a
2192 863 2326 909 criticis
2372 870 2516 909 resumi
2562 879 2635 907 non

213 929 407 976 potuerint.
448 930 512 964 sed
534 938 650 972 neque
673 928 740 962 hoc
764 939 886 963 verum
910 931 977 963 est.
1015 936 1099 961 nam
1120 926 1266 970 singula
1288 927 1463 962 vocabula
1485 927 1560 962 fere
1584 931 1639 962 est
1660 931 1703 961 ιιι
1725 927 1838 962 dicam
1862 930 1977 965 omnia
2000 931 2109 974 probe
2132 930 2247 965 latina
2269 933 2356 965 sunt
2370 939 2486 973 neque
2500 930 2634 973 magna

211 996 333 1026 eorum
362 986 401 1024 in
436 986 503 1024 MS
539 989 691 1032 apparet
719 984 912 1022 diversitas
944 994 1057 1029 eaque
1078 983 1155 1021 fere
1177 981 1379 1020 huiusmodi
1402 987 1455 1029 ιιι,
1491 984 1809 1029 quomodocumque
1836 986 2011 1032 legantur,
2034 997 2160 1032 parum
2194 987 2242 1024 ad
2276 987 2459 1025 meliorem
2494 985 2634 1023 intelle-

211 1045 371 1091 gentiam
388 1044 546 1080 intersit:
564 1048 606 1079 ιιι
628 1042 849 1079 mobilium
873 1047 911 1078 et
934 1041 1160 1086 nobilium,
1185 1046 1330 1078 certat
1353 1046 1392 1078 et
1416 1046 1575 1086 certet,
1600 1043 1823 1079 detestata
1846 1048 1882 1079 et
1906 1045 2180 1090 detestanda,
2202 1045 2417 1082 fidelibus
2442 1050 2482 1081 et
2503 1054 2632 1089 saga·

213 1103 345 1140 cibus.
382 1102 420 1139 in
435 1102 516 1139 aliis
531 1102 741 1139 manifestus
758 1112 856 1138 error
870 1099 1145 1138 describentium
1160 1099 1319 1137 cernitur
1332 1104 1376 1136 nt
1398 1100 1594 1137 vertitur
1617 1111 1681 1145 pro
1704 1101 1912 1145 verritur,
1935 1113 2070 1146 neque
2084 1102 2311 1148 Polymnia
2325 1114 2389 1148 pro
2410 1113 2489 1140 nec
2504 1102 2633 1146 Poly-

211 1160 393 1204 hymnia.
434 1161 600 1204 quoniam
624 1160 737 1205 igitur
760 1158 990 1194 difficultates
1013 1168 1127 1203 neque
1151 1159 1196 1194 ab
1221 1162 1367 1194 auctore
1389 1169 1504 1202 neque
1529 1170 1552 1194 a
1574 1158 1718 1203 legente
1741 1168 1854 1202 neque
1877 1170 1899 1194 a
1923 1159 2093 1204 corruptis
2116 1171 2181 1205 per
2203 1160 2382 1196 inscitiam
2405 1160 2632 1197 librariorum

212 1217 394 1254 vocabulis
417 1218 699 1263 proficiscuntur,
723 1216 831 1253 aliam
854 1227 932 1252 esse
954 1216 1164 1261 suspicabar
1187 1226 1342 1260 causam,
1377 1226 1502 1252 versus
1538 1215 1676 1252 seilicet
1710 1215 1861 1260 spurios:
1899 1221 1937 1253 et
1970 1228 2039 1252 uno
2075 1218 2256 1263 alteroque
2285 1219 2368 1254 hinc
2391 1218 2491 1255 illine
2514 1218 2630 1254 eiecto

211 1275 287 1311 vidi
311 1276 529 1312 sententiam
552 1275 630 1312 fieri
652 1274 874 1319 perspicuam
899 1278 937 1310 et
959 1274 1153 1317 meliorem,
1177 1274 1376 1323 orationem
1399 1273 1516 1317 magis
1545 1274 1696 1310 latinam
1726 1278 1763 1309 et
1797 1274 1922 1318 augeri
1957 1270 2159 1319 plerumque
2192 1277 2352 1313 nativam
2387 1276 2486 1312 illam
2521 1286 2630 1311 venu-

212 1337 343 1370 statem
367 1345 437 1378 qua
461 1336 588 1379 poetae
612 1331 744 1368 aetatis
768 1331 957 1376 Augustae
982 1335 1182 1368 censentur.
1230 1331 1349 1368 laetus
1372 1331 1486 1376 primo
1510 1341 1676 1367 successu
1699 1331 1897 1368 incredibili
1921 1342 1999 1367 cum
2022 1333 2204 1378 voluptate
2227 1345 2347 1371 omnes
2376 1333 2531 1379 quinque
2555 1344 2629 1370 car-

208 1391 342 1425 minum
366 1391 477 1425 libros
501 1390 662 1425 sordibus
685 1389 766 1424 istis
790 1389 959 1432 purgavi:
986 1389 1177 1424 editionem
1200 1399 1284 1423 vero
1310 1390 1371 1424 diu
1395 1390 1529 1424 distuli.
1578 1400 1660 1423 nam
1689 1389 1841 1432 primum
1876 1390 2023 1424 verebar
2056 1401 2100 1425 ne
2135 1401 2253 1426 amore
2288 1392 2426 1426 inventi
2460 1391 2631 1434 abreptus

211 1447 324 1485 calido
348 1447 454 1485 nimis
479 1447 625 1485 consilio
649 1459 839 1493 germanos
863 1458 927 1492 pro
952 1445 1083 1492 spuriis
1107 1444 1298 1484 eiecissem.
1339 1446 1466 1484 deinde
1489 1459 1567 1485 meo
1591 1445 1697 1483 unius
1713 1445 1843 1483 iudicio
1861 1459 1937 1484 esse
1961 1446 2187 1485 diffidendum
2210 1449 2377 1495 putabam
2394 1449 2456 1495 qui
2469 1449 2630 1486 viderem

210 1506 416 1542 immensam
441 1506 724 1542 doctissimorum
747 1505 993 1549 interpretum,
1017 1504 1240 1549 paucissimis
1265 1505 1434 1549 exceptis,
1470 1505 1735 1541 multitudinem
1766 1505 1809 1540 de
1839 1505 1971 1540 assutis
1994 1505 2144 1541 Horatio
2180 1506 2384 1542 centonibus
2418 1517 2490 1560 non
2523 1503 2628 1542 modo
2665 1510 2668 1512 ’

210 1561 281 1601 ιιοιι
306 1566 496 1610 cogitasse,
521 1568 583 1602 sed
607 1566 717 1602 etiam
740 1565 794 1600 ita
817 1576 892 1600 rem
915 1564 1069 1609 gessisse
1092 1569 1135 1600 ut
1157 1564 1350 1600 Horatium
1374 1569 1413 1600 et
1434 1576 1497 1600 suo
1523 1570 1562 1601 et
1584 1565 1733 1601 aliorum
1756 1564 1887 1600 iudicio
1912 1565 2019 1609 probe
2054 1565 2270 1602 intellexisse
2302 1567 2519 1603 viderentur.
2566 1568 2629 1603 ubi

210 1631 278 1668 ego
304 1633 391 1660 saxa
415 1627 453 1661 et
478 1623 647 1668 salebras,
672 1623 710 1659 hi
732 1622 877 1668 planum
902 1621 973 1659 iter
995 1626 1034 1659 et
1057 1631 1257 1659 amoenum:
1282 1621 1345 1658 ubi
1369 1630 1436 1667 ego
1460 1631 1576 1659 meras
1600 1622 1778 1667 tenebras,
1803 1621 1841 1658 hi
1865 1622 1978 1659 solem*
1997 1622 2241 1659 meridianum:
2277 1623 2339 1660 ubi
2373 1632 2440 1670 ego
2476 1625 2627 1662 colorem

209 1690 280 1716 non
305 1682 456 1717 latinum
480 1682 667 1716 affectatas
692 1680 891 1725 elegantias
914 1680 1146 1724 repetitiones
1167 1680 1307 1724 ineptas
1332 1680 1528 1714 orationem
1552 1680 1721 1715 humilem
1744 1681 1878 1715 nullam
1908 1680 2161 1721 sententiarum
2182 1682 2407 1717 conexionem
2427 1683 2499 1717 alia
2526 1683 2630 1729 vitia,

209 1739 246 1774 hi
270 1739 388 1774 omnia
411 1739 486 1775 fere
511 1743 634 1774 contra
658 1738 860 1774 cernebant.
909 1737 1031 1781 itaque
1054 1749 1169 1773 meam
1193 1741 1269 1773 tam
1293 1737 1463 1773 audacem
1486 1737 1701 1773 sententiam
1725 1737 1787 1772 diu
1811 1749 1890 1774 esse
1914 1739 2095 1774 celandam
2125 1739 2248 1783 putavi
2276 1739 2462 1784 animoque
2498 1746 2534 1776 et
2571 1753 2629 1776 co-

168 1800 171 1802 ’
210 1787 387 1842 gitatione
410 1797 541 1833 iterum
566 1801 673 1841 atque
697 1797 825 1832 iterum
851 1797 1073 1840 volvendam,
1096 1796 1195 1840 prius
1218 1806 1324 1840 quam
1349 1796 1555 1840 proferrem,
1580 1797 1611 1832 si
1622 1797 1729 1838 ,forte
1752 1801 1894 1841 tempus
1918 1802 1956 1833 et
1979 1802 2079 1833 aetas
2101 1798 2280 1834 meliorem
2303 1799 2502 1835 suaderent.
2541 1804 2628 1835 tem-

208 1866 276 1901 pus
300 1859 339 1891 et
362 1859 463 1891 aetas
487 1854 737 1890 confirmarunt
761 1864 875 1898 neque
898 1864 1047 1899 parvum
1073 1863 1117 1889 ex
1140 1852 1315 1889 Ieremiae
1336 1853 1542 1890 Marklaudi
1570 1853 1785 1889 auctoritate
1821 1855 1972 1890 accessit
2006 1852 2230 1899 momentum,
2267 1855 2366 1892 cuius
2401 1857 2509 1892 verba
2545 1857 2629 1892 olim

211 1913 353 1958 quidem
377 1924 400 1950 a
422 1923 480 1949 me
503 1913 599 1949 lecta
622 1922 716 1948 nunc
740 1912 879 1949 demum
903 1912 1036 1957 optime
1059 1911 1243 1948 intellecta
1267 1911 1362 1948 omni
1384 1921 1441 1948 me
1464 1911 1592 1948 timore
1616 1922 1659 1948 ac
1682 1912 1856 1957 religione
1880 1912 2131 1950 liberaverunt.

420 1982 652 2018 Marklandus
675 1981 714 2017 in
731 1981 898 2026 Epistula
922 1980 1083 2017 subiecta
1111 1981 1260 2019 editioni
1275 1981 1481 2026 Supplicum
1499 1981 1774 2027 Euripidearum
1797 1982 1885 2018 haec
1913 1982 2049 2018 scribit:
2079 1981 2130 2018 In
2151 1982 2338 2019 Horatio
2366 1989 2463 2028 post
2490 1986 2630 2022 omnia

211 2027 318 2085 quae
353 2039 396 2075 in
433 2049 524 2075 eum
566 2038 733 2083 scripta
768 2037 875 2083 vidi,
900 2038 1125 2074 innumera
1159 2043 1262 2075 sunt
1298 2049 1406 2083 quae
1440 2049 1521 2074 non
1563 2039 1789 2084 intellego.
1838 2039 1882 2074 in
1917 2042 2010 2074 toto
2053 2049 2180 2083 opere
2223 2040 2294 2075 vix
2329 2050 2414 2076 una
2449 2052 2492 2077 es
2478 2046 2516 2077 ι
2540 2041 2628 2079 Ode

210 2098 355 2134 Sermo
386 2098 456 2134 vel
480 2095 702 2141 Epistula,
726 2095 770 2131 in
794 2095 947 2140 quibus
970 2096 1049 2132 hoc
1077 2107 1160 2132 non
1189 2097 1351 2141 sentio,
1381 2097 1475 2133 dum
1504 2097 1614 2142 lego.
1662 2108 1800 2141 neque
1830 2098 1933 2132 adeo
1964 2097 2108 2133 miror
2123 2108 2212 2134 cum
2241 2098 2346 2134 haec
2376 2099 2628 2137 obscuritas

210 2167 232 2191 a
278 2154 469 2199 posteris
517 2153 694 2189 invecta
720 2153 869 2189 fuerit.
908 2153 1121 2189 Horatius
1162 2154 1271 2190 enim
1302 2155 1534 2200 Vergilius
1566 2155 1789 2190 Ciceronis
1829 2155 2036 2189 nonnulla
2061 2154 2221 2203 Caesar
2257 2155 2376 2190 Livii
2417 2158 2625 2200 quaedam

210 2213 437 2250 Iuvenalis
470 2212 514 2248 ιιι
541 2211 704 2248 scholis
728 2212 1098 2256 praelegebantur
1137 2213 1284 2257 pueris
1325 2217 1368 2249 et
1406 2213 1450 2249 in
1481 2213 1671 2257 singulis
1698 2213 1791 2249 fere
1825 2211 2104 2248 monasteriis
2128 2212 2177 2256 (2)
2202 2212 2530 2251 lectitabantur
2559 2216 2626 2259 (ἳ);

210 2270 308 2309 inde
339 2273 407 2306 tot
436 2268 576 2315 spurii
612 2272 655 2305 et
689 2269 832 2314 inepti
855 2280 1005 2306 versus
1036 2269 1079 2305 in
1107 2269 1285 2305 Horatii
1310 2273 1352 2306 et
1374 2269 1599 2306 Iuvenalis
1636 2269 1916 2313 nemmem-iss,
1949 2272 2016 2304 tot
2048 2269 2366 2314 explicationes
2399 2278 2442 2307 et
2482 2272 2628 2310 immu-

208 2329 404 2368 tationes
434 2328 755 2372 elegantiarum
778 2328 956 2373 linguae
978 2327 1146 2364 latinae
1174 2327 1218 2363 in
1248 2333 1456 2365 contextu
1480 2328 1680 2364 Caesaris
1711 2327 1933 2364 Ciceronis
1965 2332 2007 2363 et
2030 2327 2151 2363 Livii
2179 2333 2227 2364 ut
2251 2328 2288 2364 si
2317 2328 2398 2366 isti
2421 2336 2626 2370 auctores

209 2388 544 2430 reviviscerent,
569 2385 612 2421 in
636 2386 785 2422 multis
809 2397 887 2422 sua
909 2385 1079 2430 scripta
1097 2395 1184 2421 non
1208 2389 1510 2430 agnoscerent.

417 2455 521 2492 Haec
534 2453 766 2490 Marklandus
790 2453 890 2489 cuius
913 2452 1109 2489 doctrinam
1133 2452 1300 2491 iudicIum
1317 2456 1354 2489 et
1376 2452 1586 2489 felicitatem
1608 2453 1647 2489 in
1670 2453 1892 2490 restituenda
1922 2456 2085 2490 veterum
2120 2453 2333 2499 scriptorum
2366 2466 2475 2492 mann
2510 2459 2628 2496 mode-

208 2515 316 2552 stiam
339 2514 448 2551 am'mi
471 2517 510 2550 et
531 2513 723 2564 veritatem
746 2511 966 2547 admirantur
988 2511 1063 2546 fere
1088 2521 1219 2547 omnes.
1266 2511 1327 2555 qui
1351 2516 1516 2547 censente
1542 2511 1817 2556 wyttenbachio
1842 2512 1878 2547 in
1896 2512 1985 2547 Vita
2008 2512 2215 2548 Ruhnkenii
2240 2512 2419 2558 insignem
2448 2515 2631 2553 iudicandi

208 2572 444 2610 subtilitatem
468 2570 625 2608 ostendit
648 2570 714 2606 hoc
742 2568 907 2607 ninn’rum
942 2577 1056 2612 agens
1087 2573 1131 2605 ut
1165 2573 1307 2612 mutuas
1330 2569 1437 2605 Bruti
1460 2572 1499 2605 et
1523 2569 1701 2606 Ciceronis
1725 2569 1910 2615 Epistulas
1947 2574 1983 2606 et
2019 2570 2123 2606 huius
2139 2591 2142 2594 -
2158 2570 2297 2615 aliquot
2325 2570 2516 2610 Orationes
2553 2586 2633 2612 esse

208 2631 347 2676 spurias
370 2631 524 2668 doceret.
572 2630 633 2674 qui
657 2628 807 2673 denique
831 2631 869 2664 et
892 2627 1004 2664 latine
1027 2627 1163 2664 sciebat
1186 2627 1332 2673 egregie
1356 2632 1394 2664 et
1422 2632 1547 2672 poetas
1576 2633 1743 2665 accurate
1773 2629 2008 2673 intellegebat
2037 2629 2152 2673 deque
2182 2629 2227 2665 iis
2257 2630 2445 2676 eleganter
2469 2637 2507 2668 et
2531 2639 2631 2671 reete

208 2689 404 2725 iudicabat:
447 2687 485 2723 in
525 2699 595 2732 qua
630 2698 668 2723 re
700 2685 927 2722 vehementer
958 2695 981 2720 a
1009 2685 1214 2728 Bur-manno
1254 2685 1292 2721 in
1330 2686 1552 2731 praefatione
1584 2687 1797 2732 Vergiliana
1836 2686 2086 2722 Marklandum
2126 2688 2409 2732 reprehendente
2449 2689 2632 2728 dissentio.

210 2758 325 2793 neque
372 2747 426 2784 ita
472 2746 706 2782 Marklandus
752 2743 899 2780 iuvenili
946 2748 1066 2780 aetate
1109 2744 1252 2788 scripsit
1286 2755 1400 2789 neque
1434 2744 1548 2789 virili,
1584 2745 1646 2781 sed
1681 2745 1753 2781 iam
1789 2756 1896 2781 senex
1931 2745 2130 2782 immortale
2166 2757 2294 2782 nomen
2330 2747 2488 2791 egregiis
2531 2749 2632 2786 libris

209 2806 360 2850 adeptus
384 2809 422 2841 et
444 2803 598 2849 pristina
620 2803 821 2838 litterarum
850 2801 971 2837 studia
996 2800 1160 2836 continuo
1186 2801 1343 2846 agitans:
1370 2803 1457 2838 adeo
1482 2807 1524 2837 ut
1546 2803 1613 2837 hoc
1636 2802 1804 2838 iudicium
1827 2808 2007 2847 tamquam
2029 2803 2168 2838 fructus
2193 2803 2384 2840 diuturnae
2419 2815 2549 2850 operae
2584 2807 2635 2844 sit

208 2866 419 2907 postremus.
466 2862 573 2907 idque
597 2861 692 2906 apud
713 2869 770 2896 me
795 2858 903 2896 etiam
926 2860 1007 2904 plus
1031 2859 1157 2903 valuit,
1194 2869 1273 2895 cum
1297 2859 1534 2896 Valckenario
1559 2861 1711 2896 multum
1740 2860 1915 2905 placuisse
1938 2871 1983 2896 ex
2006 2860 2215 2906 Koppiersii
2237 2861 2448 2899 Observatis
2477 2864 2633 2901 Philolo-

208 2920 300 2965 gic-is
324 2930 409 2965 pag.
434 2922 502 2956 133
539 2928 782 2963 cognoveram.
832 2921 870 2952 et
893 2916 1015 2961 quidni
1039 2916 1278 2953 Valckenario
1301 2917 1494 2961 placuisset
1516 2918 1578 2962 qui
1601 2918 1677 2966 ipse
1700 2918 1773 2954 iam
1802 2922 1885 2954 ante
1915 2929 2025 2953 annos
2048 2919 2127 2955 fere
2155 2919 2310 2963 triginta
2333 2920 2370 2955 in
2394 2920 2562 2966 Epistula
2585 2923 2634 2959 ad

209 2977 391 3015 Roverum
414 2987 499 3023 pag.
522 2976 619 3013 XIV
642 2975 847 3020 scripserat:
886 2974 992 3020 Quis
1021 2978 1214 3010 nostrum
1244 2974 1408 3011 dixerit
1443 2979 1547 3019 quot
1570 2986 1723 3012 versus
1747 2976 1887 3020 spurii
1910 2976 1954 3011 in
1978 2976 2319 3021 quibuscumque
2343 2979 2487 3022 poetis
2511 2985 2632 3018 vete-

209 3035 328 3072 ribus
358 3048 434 3073 nos
457 3032 773 3073 ludificentur?
796 3032 963 3070 utinam
984 3032 1093 3069 hanc
1116 3036 1283 3077 partem
1312 3033 1667 3078 pertractandam
1697 3033 1957 3079 sumpsisset
1980 3033 2213 3071 Bentleius
2244 3035 2530 3076 felicissimus
2553 3039 2633 3077 ille

209 3093 408 3131 fraudum
432 3093 684 3131 istiusmodi
707 3092 750 3128 ιιι
773 3092 954 3128 Manilio
977 3088 1209 3137 repertor!
1234 3108 1279 3116 -

421 3163 459 3208 ²¹³)
482 3162 634 3200 Omnino
658 3161 748 3199 nibil
776 3161 815 3197 in
843 3165 1005 3198 veterum
1039 3160 1183 3205 scriptis
1216 3159 1439 3205 frequentius
1475 3171 1582 3205 quam
1618 3161 1789 3198 eiusmodi
1824 3161 1937 3197 falsae
1960 3165 1998 3197 et
2026 3162 2281 3206 suppositieiae
2310 3163 2559 3209 inscriptiones
2589 3178 2633 3204 ac

210 3220 451 3258 dedicationes
475 3232 564 3267 quas
586 3220 703 3257 malae
725 3219 950 3256 librariorum
974 3223 1013 3256 et
1035 3219 1329 3264 interpolatorum
1352 3218 1538 3256 sedulitati
1566 3220 1625 3256 vel
1648 3219 1846 3256 temeritati
1875 3220 1934 3256 vel
1957 3219 2068 3256 etiam
2096 3220 2216 3257 fraudi
2238 3221 2361 3258 deberi
2383 3233 2487 3259 nemo
2512 3225 2637 3270 opinor

210 3282 267 3315 est
290 3278 352 3324 qui
374 3279 522 3317 neseiat,
562 3278 615 3316 sic
638 3282 681 3316 ut
704 3277 802 3316 aliud
826 3277 966 3324 insigne
991 3277 1188 3324 exemplum
1212 3277 1258 3315 ad
1282 3276 1433 3314 eundem
1460 3277 1652 3314 Horatium
1676 3282 1840 3324 spectans
1864 3278 2022 3324 afferam,
2045 3278 2143 3316 nullo
2167 3279 2269 3331 modo
2294 3284 2469 3326 exputare
2495 3293 2639 3328 possum

211 3336 272 3379 qui
294 3338 440 3374 tandem
463 3338 579 3383 prima
601 3337 731 3373 satira:

2412 3408 2436 3442 2
