2834 3629
1384 46 1504 133 13⁴

204 215 420 276 pueriliter
447 214 763 270 balbutientis*)
792 215 966 259 multum
1000 214 1189 270 profecto
1224 215 1366 258 differt
1401 217 1534 259 altera
1568 211 1719 258 manus
1751 227 1860 269 quae
1890 213 1976 257 nisi
2014 226 2091 256 nos
2134 213 2277 255 omnia
2310 213 2462 256 fallunt
2494 213 2626 270 ipsius

206 287 358 345 poetae
376 281 453 338 ,nil
470 281 680 325 molientis
699 282 854 339 inepte'
876 287 951 325 est.
997 281 1070 336 qui
1098 281 1269 340 quidem
1297 284 1473 339 primum
1503 283 1726 339 quinque
1754 281 1940 337 strophis
1969 284 2264 335 quaternorum
2293 292 2491 323 versuum
2509 281 2629 324 varin

205 363 340 405 eaque
367 349 617 404 gravissima
643 349 857 392 hominum
883 354 929 390 ut
957 353 1052 391 sunt
1081 349 1253 403 negotia
1280 363 1333 393 ac
1354 351 1500 394 studia
1528 356 1627 405 apte
1663 355 1705 392 et
1740 349 1959 403 eleganter
2002 347 2066 391 sic
2108 351 2332 402 percenset
2372 352 2419 391 ut
2459 347 2628 403 singula

206 416 302 463 cola
327 416 600 473 singulaeque
630 413 934 470 descriptiones
963 413 1052 458 sive
1080 413 1287 469 imagines
1314 416 1427 463 intra
1453 418 1598 462 unius
1633 416 1913 471 eiusdemque
1956 413 2157 471 strophae
2185 413 2293 458 fines
2323 413 2628 470 contineantur,

204 488 294 528 tum
320 482 467 527 ultima
494 482 536 524 h.
567 495 603 525 e.
634 485 785 524 sexta
811 481 986 537 stropha
1013 479 1114 523 item
1141 493 1343 537 perquam
1372 485 1571 528 concinne
1608 483 1784 542 parique
1827 496 2026 527 versuum
2068 495 2242 525 numero
2284 481 2340 525 de
2369 486 2504 524 semet
2532 481 2627 539 ipso

205 551 440 606 studiisque
469 550 559 593 suis
591 550 766 604 loquens
796 548 937 603 poesis
965 560 1151 592 amorem
1178 562 1302 593 suum
1331 564 1415 604 qua
1440 566 1518 605 par
1545 559 1609 595 est
1637 552 1849 595 modestia
1878 550 2111 606 praedicat.
2142 575 2195 581 —

1047 907 1798 970 Summas-ium.

408 1074 630 1128 Reliquum
660 1078 724 1116 est
753 1079 799 1115 ut
829 1087 1114 1128 quaecumque
1144 1073 1199 1115 de
1224 1072 1359 1128 primo
1396 1072 1578 1115 carmine
1608 1073 1770 1115 Horatii
1803 1074 1883 1115 hoc
1918 1074 2253 1117 commentariolo
2288 1076 2416 1130 paulo
2454 1076 2629 1119 uberius

209 1142 529 1197 disputavimus,
560 1155 705 1183 eorum
735 1155 938 1183 summam
968 1155 1079 1183 nunc
1109 1140 1256 1196 paucis
1285 1140 1428 1182 verbis
1458 1140 1873 1195 comprehendamus.

277 1230 310 1273 Ι.
341 1229 525 1272 Primum
553 1244 706 1273 novam
735 1229 873 1284 legem
910 1229 1164 1284 strophicam
1192 1244 1219 1271 a
1246 1220 1518 1271 Meinekiana
1553 1227 1765 1270 diversam
1801 1227 1974 1271 feliciter
2008 1228 2235 1284 indagasse
2263 1230 2385 1273 nobis
2417 1230 2631 1290 videmur,

342 1296 571 1341 secundum
601 1309 725 1352 quam
754 1295 944 1350 singulae
975 1296 1175 1352 strophae
1206 1309 1258 1338 ex
1284 1294 1500 1350 quaternis
1520 1294 1713 1338 versibus
1733 1294 1794 1337 sio
1814 1300 2112 1351 componuntur
2130 1300 2175 1339 ut
2195 1297 2370 1350 quaevis
2391 1297 2625 1354 descriptio

341 1363 431 1405 sive
466 1363 605 1417 imago
641 1363 843 1417 ampliore
879 1363 1212 1417 interpunctione
1256 1363 1348 1405 sive
1391 1375 1525 1417 pausa
1565 1361 1733 1403 finiatur
1776 1366 1819 1404 et
1861 1362 1970 1404 intra
2011 1359 2113 1405 fines
2155 1363 2306 1407 unius
2349 1365 2623 1419 eiusdemque

342 1430 540 1485 strophae
569 1429 840 1472 contineatur.
888 1428 1199 1473 Meinekianam
1227 1441 1325 1473 vero
1345 1428 1609 1484 stropharum
1629 1427 1883 1470 divisionem
1904 1442 1987 1483 qua
2004 1429 2236 1484 argumenti
2254 1430 2623 1489 interpunctionis·

341 1509 424 1550 que
452 1496 567 1538 nulla
596 1495 703 1538 ratio
735 1496 925 1549 habetur,
955 1496 1036 1537 arti
1066 1510 1117 1538 ac
1144 1510 1278 1539 sanae
1301 1495 1454 1541 rationi
1482 1508 1719 1552 repugnare
1750 1508 1879 1549 supra
1905 1494 2099 1538 vidimus.

175 1607 178 1610 .
253 1567 308 1610 11.
339 1567 446 1611 Tum
483 1566 560 1611 hos
590 1566 695 1610 XIV
727 1579 874 1610 versus
908 1568 942 1610 1.
973 1568 1013 1610 2.
1042 1567 1081 1610 3.
1111 1568 1150 1610 4.
1180 1566 1219 1614 5.
1250 1569 1290 1612 6.
1320 1569 1359 1611 7.
1390 1567 1429 1611 8.
1459 1568 1498 1611 9.
1531 1567 1595 1611 10.
1627 1566 1693 1610 30.
1724 1566 1791 1610 31.
1823 1567 1891 1611 35.
1927 1566 1982 1611 36
2017 1567 2239 1612 maximam
2275 1573 2436 1625 partem
2471 1569 2557 1612 iam
2596 1582 2624 1612 a

339 1634 633 1688 Peerlkampio
652 1635 891 1676 Hermanno
911 1634 1095 1676 Linkero
1125 1634 1309 1686 aliisque
1338 1634 1490 1676 criticis
1521 1638 1785 1688 suspectatos
1807 1646 1887 1687 ego
1909 1646 2072 1687 qnoque
2091 1647 2166 1689 pro
2185 1635 2447 1689 interpolatis
2466 1637 2618 1678 habeo.

323 1699 446 1742 vduas
475 1713 575 1742 vero
603 1700 776 1742 lacunas
805 1700 987 1742 nondum
1007 1714 1034 1742 a
1054 1700 1207 1743 criticis
1227 1690 1545 1743 animadversas
1566 1702 1624 1752 (v.
1645 1701 1717 1752 25)
1739 1700 1832 1755 ipse
1853 1701 2127 1755 probabiliter
2145 1701 2191 1742 niv
2208 1702 2329 1744 fallor
2355 1702 2624 1757 investigavi.

233 1769 310 1813 111.
342 1770 534 1824 Denique
564 1770 728 1813 duobus
757 1770 863 1814 locis
891 1771 1116 1814 manifesto
1146 1771 1386 1826 depravatis
1415 1773 1472 1825 (v.
1499 1771 1549 1814 16
1570 1776 1612 1813 et
1630 1771 1706 1826 27)
1736 1771 2061 1814 emendatricem
2090 1772 2433 1827 qualemcumque
2454 1786 2623 1816 manum

340 1850 477 1880 meam
503 1836 705 1880 adhibere
735 1841 909 1880 conatus
940 1848 1046 1881 sum.
1078 1863 1131 1870 —-

206 2038 313 2083 longo
338 2050 360 2074 a
382 2042 479 2074 meta
501 2038 690 2074 intervallo
715 2038 961 2082 circumagunt
985 2041 1023 2074 et
1046 2038 1084 2076 in
1108 2038 1300 2076 certamine
1324 2038 1525 2075 vincuntur.
1573 2050 1632 2075 res
1655 2041 1784 2084 quippe
1808 2040 1845 2075 in
1870 2052 1909 2076 eo
1935 2041 2141 2083 vertebatur
2172 2044 2209 2075 et
2245 2040 2311 2074 hoc
2340 2044 2419 2075 erat
2455 2051 2538 2084 pars
2575 2041 2627 2077 vi·

207 2096 353 2141 ctoriae,
383 2095 495 2141 siquis
519 2106 625 2140 quam
647 2095 806 2140 proxime
829 2099 960 2140 posset,
995 2100 1127 2133 metam
1151 2095 1474 2134 circumveheretur
1497 2100 1534 2133 et
1569 2100 1689 2133 tamen
1726 2107 1802 2132 eam
1827 2107 1897 2132 non
1921 2101 2097 2141 tangeret.
2145 2097 2211 2132 hoc
2236 2106 2339 2132 nemo
2364 2096 2548 2135 Romanus
2572 2098 2628 2136 its

207 2153 416 2199 simpliciter
439 2153 582 2190 vocavit
606 2153 792 2198 evitare,
822 2154 884 2190 sed
913 2158 1068 2190 metam
1103 2154 1323 2200 stringere
1357 2154 1509 2190 radere
1545 2158 1687 2190 terere
1725 2164 1917 2197 premere
1959 2165 2125 2199 urgere.
2175 2165 2265 2198 quae
2302 2154 2443 2198 quidem
2481 2155 2626 2193 notiora

207 2216 290 2251 nunt
313 2224 418 2257 quam
440 2216 484 2249 ut
507 2211 676 2257 exemplis
701 2210 926 2249 confirmem.'

412 2279 453 2325 ,*)
476 2280 571 2317 Vide
593 2280 703 2318 etiam
727 2292 816 2325 quae
840 2281 884 2317 de
907 2290 1067 2317 sermone
1096 2289 1219 2324 pamm
1254 2279 1364 2315 latino
1401 2289 1469 2323 quo
1504 2290 1589 2315 usus
1624 2284 1679 2315 est
1716 2279 1948 2324 interpolator
1984 2280 2118 2325 pridem
2150 2281 2411 2317 adnotaverunt
2434 2281 2626 2318 Bentleius

207 2337 476 2382 Peerlkampius
499 2339 676 2374 Linkerus
701 2339 775 2374 alii.
