2834 3629
1429 75 1457 121 7

750 225 753 228 -
820 242 824 246 .
880 213 1128 251 nocturnum
1156 208 1337 252 stabulis
1363 209 1498 252 furem
1527 208 1804 259 incursusque
1830 206 2033 260 luporum,

846 307 849 310 .
883 277 959 316 aut
984 272 1203 330 inpacatos
1229 288 1258 317 a
1286 279 1405 330 tergo
1432 273 1627 317 horrebis
1654 266 1850 316 Hiberos.

885 346 1017 393 saepe
1043 340 1169 383 etiam
1189 354 1323 398 eursu
1350 341 1518 384 timidos
1545 340 1731 394 agitabis
1760 351 1955 391 onagros,

884 410 926 448 et
954 405 1166 450 canibus
1192 407 1390 463 leporem,
1428 407 1637 450 canibus
1665 405 1877 449 venabere
1907 404 2113 459 dammas3

885 484 1015 524 saepe
1044 472 1275 516 volutabris
1303 473 1448 529 pulsos
1476 465 1738 516 silvestribus
1767 484 1894 526 apros

885 537 1040 580 latratu
1067 538 1258 580 turbabis
1288 553 1430 593 agens,
1460 540 1693 594 montisque
1722 553 1799 594 per
1826 537 1935 579 altos

886 604 1100 658 ingentem
1129 604 1308 647 clamore
1322 616 1502 660 premes
1530 605 1586 648 ad
1610 599 1723 648 'retia
1750 615 1918 647 cervum

234 730 365 761 canes
394 730 544 772 reapse
573 715 829 760 deminutiva
847 715 993 759 ,forma
1036 715 1232 759 catulos
1274 716 1504 771 appellavit
1537 729 1612 772 pro
1646 730 1762 760 more
1797 729 1874 760 suo
1904 716 2137 760 variandae
2172 717 2371 761 orationis
2405 730 2550 771 causa,
2595 718 2658 762 ita

235 791 378 828 tamen
401 790 447 825 ut
465 789 564 826 ante
584 781 916 825 commemoratis
936 781 1042 838 ipsis
1064 782 1275 826 canibus
1295 782 1349 825 de
1378 783 1660 828 catulorum
1688 783 1999 839 significatione
2018 783 2134 828 nulla
2153 784 2255 828 oriri
2275 783 2486 828 dubitatio
2506 785 2655 840 possit,

235 850 280 892 id
307 849 421 904 quod
448 849 690 903 neutiquam
718 849 830 892 cadit
856 849 900 891 in
929 849 1040 891 hunc
1068 849 1203 891 locum
1225 849 1509 904 Horatianum,
1538 864 1619 904 quo
1644 850 1775 893 catuli
1795 850 1849 893 de
1868 850 2415 906 quorumlibet-animalium
2435 851 2654 906 ipsiusque

235 916 345 960 adeo
375 929 525 959 cervae
555 930 664 969 quae
693 916 753 959 ibi
783 922 1128 960 commemoratur
1156 917 1280 971 pullis
1308 916 1446 971 accipi
1473 922 1661 970 possunt.

440 982 527 1026 Iam
556 997 656 1027 vero
686 982 814 1027 multo
844 982 1050 1026 difficilior
1078 987 1120 1025 et
1147 982 1345 1026 incertior
1373 982 1536 1026 videtur
1564 996 1658 1027 esse
1695 984 1935 1028 coniectura
1971 985 2024 1027 de
2059 984 2262 1039 ampliore
2299 984 2449 1027 lacuna
2486 993 2654 1027 autece-

235 1048 376 1091 dentis
405 1049 603 1104 strophae
631 1049 811 1102 23--25,
847 1062 931 1104 qua
971 1048 1149 1092 militis
1192 1048 1418 1105 descriptio
1454 1048 1700 1093 continetur.
1759 1049 1868 1093 hanc
1903 1063 2069 1106 quoque
2104 1049 2430 1106 descriptionem
2460 1063 2651 1093 mancam

236 1122 278 1157 et
305 1117 493 1157 mutilam
523 1128 618 1157 esse
647 1129 752 1158 unus
782 1116 957 1169 quisque
988 1116 1112 1158 eredo
1142 1118 1280 1158 sentit.
1339 1116 1469 1168 quid?
1506 1116 1620 1168 quod
1654 1129 1708 1157 ne
1736 1122 1848 1158 recte
1882 1116 2055 1171 quidem
2098 1116 2327 1171 procedere
2371 1117 2506 1159 oratio
2551 1117 2652 1158 mihi

234 1181 411 1234 videtur,
450 1194 544 1223 cum
577 1187 675 1235 post
702 1181 935 1235 singulares
973 1186 1015 1224 et
1049 1182 1283 1236 peculiares
1318 1196 1443 1226 voces
1477 1183 1571 1225 illas
1607 1181 1664 1225 ad
1704 1183 1897 1225 militiam
1941 1190 2180 1238 spectantes
2225 1190 2395 1226 castra
2438 1189 2479 1225 et
2522 1184 2651 1225 lituo

235 1248 388 1291 tubae
433 1246 718 1303 permixtus
762 1247 959 1289 sonitus
1004 1247 1231 1290 communis
1260 1262 1311 1290 ac
1338 1247 1548 1303 generalis
1577 1260 1659 1289 vox
1705 1247 1838 1291 bella
1880 1263 1932 1292 ex
1967 1247 2113 1292 eodem
2152 1249 2282 1292 verbo
2326 1248 2505 1292 iuvant
2548 1258 2651 1304 apta

235 1319 447 1368 sequatur,
477 1314 522 1356 id
550 1313 663 1367 quod
690 1327 776 1356 non
804 1314 936 1356 solum
965 1327 992 1356 a
1021 1327 1135 1356 more
1169 1315 1336 1369 poetico
1373 1314 1449 1356 sed
1477 1314 1602 1356 etiam
1636 1315 1692 1356 ab
1727 1315 1838 1357 omni
1874 1328 1978 1357 sana
2020 1315 2218 1370 loquendi
2260 1315 2424 1358 ratione
2466 1315 2665 1372 alienum*

235 1386 311 1424 est.
371 1386 631 1435 quapropter
658 1380 758 1422 inde
788 1394 814 1422 a
843 1394 948 1422 voce
978 1380 1114 1422 bella
1141 1394 1294 1422 novum
1323 1381 1583 1424 enuntiatum
1613 1380 1800 1435 incipere
1828 1382 2016 1435 suspicor
2036 1394 2118 1434 quo
2137 1388 2264 1437 poeta
2282 1383 2463 1425 fortasse
2483 1381 2651 1424 dixerat

234 1448 388 1503 ,bella
416 1447 665 1492 matribus
693 1448 957 1492 detestata
984 1447 1141 1504 pellere
1171 1447 1349 1504 optimos
1377 1461 1568 1503 quosque
1586 1448 1762 1491 iuvenes
1782 1449 1925 1504 procul
1945 1463 1971 1491 a
1990 1448 2114 1492 domo
2133 1449 2178 1492 in
2197 1454 2330 1493 terras
2350 1449 2650 1493 remotissimas

235 1515 307 1558 ubi
336 1515 499 1558 fortiter
525 1520 761 1570 pugnantes
790 1515 922 1558 vitam
951 1514 1087 1569 ipsam
1115 1528 1191 1569 pro
1221 1514 1357 1570 patria
1390 1513 1669 1570 profundant!
1728 1528 1779 1556 ac
1813 1514 1907 1557 talis
1949 1515 2183 1570 argumenti
2226 1515 2477 1558 versiculum
2521 1529 2651 1559 unum

235 1587 278 1624 et
305 1582 482 1624 alterum
511 1581 655 1624 ludere
685 1581 837 1637 quibus
866 1581 1027 1624 felicior
1057 1586 1122 1624 est
1152 1594 1261 1624 vena
1288 1580 1564 1638 permiserim.

433 1650 557 1692 Nunc
585 1648 641 1691 ad
673 1649 861 1691 ultimam
890 1648 1086 1691 carminis
1117 1655 1277 1704 partem
1312 1647 1469 1691 accedo
1499 1661 1582 1701 qua
1603 1648 1800 1691 Horatius
1829 1661 1875 1691 se
1906 1648 2027 1690 unice
2054 1649 2195 1703 poesis
2225 1663 2367 1692 amore
2396 1649 2530 1691 teneri
2558 1663 2652 1704 pro-

232 1715 382 1758 fitetur.
443 1728 551 1769 quae
580 1715 747 1770 quidem
776 1714 986 1757 sententia
1015 1727 1109 1757 eum
1138 1711 1280 1769 gravis
1310 1728 1412 1758 saue
1443 1719 1485 1758 et
1515 1714 1568 1757 iis
1598 1728 1708 1769 quae
1738 1715 1791 1757 de
1820 1714 1950 1758 variis
1978 1714 2188 1757 hominum
2225 1714 2375 1758 studiis
2411 1720 2507 1758 ante
2536 1716 2654 1757 dieta

232 1788 340 1836 sunt,
371 1782 497 1836 plane
527 1781 720 1837 opposita
750 1782 814 1835 sit,
853 1795 1004 1825 novam
1038 1781 1107 1824 hic
1142 1780 1356 1837 stropham
1376 1771 1579 1838 'incipere
1623 1782 1789 1825 omnino
1833 1788 2161 1825 consentaneum
2207 1788 2283 1834 est,
2330 1783 2372 1824 in
2400 1781 2653 1825 Nauckiana

232 1861 331 1891 vero
362 1847 632 1903 discriptione
660 1847 947 1892 antitheticam
977 1848 1093 1891 illam
1121 1848 1373 1891 sententiam
1403 1848 1447 1891 in
1476 1849 1618 1892 media
1646 1848 1822 1904 stropha
1847 1848 2029 1903 positam
2064 1862 2144 1892 nec
2179 1854 2421 1903 quattuor
2456 1861 2652 1892 versuum

230 1927 402 1958 numero
431 1914 796 1969 circumscriptam,
826 1914 904 1958 sed
932 1928 1104 1970 prorsus
1133 1919 1280 1957 contra
1308 1915 1514 1958 rationem
1545 1923 1587 1958 et
1615 1920 1750 1957 artem
1779 1928 1868 1957 sex
1897 1914 2088 1957 versibus
2117 1914 2335 1958 dilatatam
2356 1920 2398 1957 et
2423 1914 2650 1969 amplifica-

230 1988 316 2024 tam
342 1980 548 2024 videmus.
605 1981 708 2023 nihil
736 1980 865 2035 igitur
895 1980 1124 2037 proclivius
1153 1994 1280 2035 quam
1308 1982 1400 2024 sola
1435 1982 1717 2025 concinnitate
1761 1987 1803 2024 et
1847 1982 2147 2036 compositione
2192 1982 2402 2035 strophica
2443 1981 2550 2023 duce
2593 1981 2647 2023 de

228 2047 402 2092 duorum
431 2047 514 2091 iam
544 2047 701 2092 dudum
729 2054 1018 2104 suspectorum
1047 2062 1244 2092 versuum
1262 2049 1329 2093 30.
1346 2050 1400 2094 31
1420 2049 1744 2105 interpolatione
1765 2049 1962 2104 cogitare,
1986 2054 2029 2092 ut
2049 2049 2155 2093 hacc
2178 2063 2280 2092 sane
2298 2061 2423 2103 quam
2443 2047 2648 2091 concinna

229 2119 270 2157 et
299 2114 474 2170 elegans
502 2127 683 2170 vereque
713 2115 945 2157 Horatiana
975 2116 1148 2172 stropha
1176 2121 1376 2171 quattuor
1404 2130 1599 2160 versuum
1629 2129 1681 2159 ex
1711 2115 1916 2158 tralaticia
1943 2124 1984 2158 et
2014 2115 2156 2160 fucata
2188 2115 2259 2157 illa
2279 2114 2503 2157 verborum
2523 2114 2648 2157 uber·

230 2186 318 2224 tate
346 2195 563 2225 remanere
591 2182 803 2225 videatur:

878 2295 946 2325 me
975 2281 1190 2326 doctarum
1220 2283 1403 2326 hederae
1434 2283 1622 2338 praemia
1640 2283 1839 2325 frontium

881 2354 1104 2393 secernunt
1133 2349 1300 2406 populo,
1332 2350 1367 2393 si
1398 2363 1532 2405 neque
1561 2349 1688 2392 tibias

880 2417 1062 2471 Euterpe
1092 2418 1258 2461 cohibet
1283 2430 1362 2459 nec
1389 2416 1667 2472 Polyhymnia

879 2483 1085 2526 Lesboum
1118 2483 1268 2539 refugit
1295 2482 1467 2527 tendere
1497 2482 1704 2526 barbiton.

228 2595 478 2649 omninoque
508 2599 552 2637 ut
580 2595 704 2650 plane
732 2595 869 2637 dicam
899 2594 1011 2648 quod
1039 2594 1188 2648 sentio,
1219 2595 1457 2638 universum
1487 2593 1590 2637 illud
1619 2593 1880 2649 corruptelae
1916 2606 2051 2649 genus
2087 2594 2202 2649 quod
2240 2596 2648 2650 interpolatione

228 2662 472 2716 continetur,
501 2674 593 2709 cum
622 2662 665 2704 iu
694 2661 888 2705 omnibus
914 2661 1082 2716 scriptis
1110 2660 1395 2717 Horatianiff)
1424 2668 1512 2705 tum
1546 2662 1591 2704 in
1628 2661 1708 2705 hoc
1737 2660 1921 2704 carmine
1957 2660 2172 2715 aliquanto
2207 2661 2334 2706 latius
2370 2668 2516 2717 patere
2544 2662 2650 2705 mihi

226 2728 392 2772 videtur
419 2741 545 2784 quam
571 2727 698 2783 vulgo
727 2727 919 2771 creditur.
977 2727 1078 2783 quid
1104 2727 1265 2771 multa?
1300 2728 1474 2772 resectis
1509 2728 1562 2772 iis
1596 2741 1705 2783 quae
1739 2727 2014 2783 interpolator
2049 2726 2252 2772 audacius
2283 2742 2338 2772 an
2367 2729 2649 2785 impudentius

437 2841 473 2886 *)
497 2841 555 2878 De
583 2839 1006 2886 interpolationibus
1030 2839 1290 2876 Horatianis
1320 2839 1404 2885 quid
1427 2839 1590 2885 sentiam,
1620 2850 1734 2885 nuper
1757 2839 1970 2885 explicatius
1995 2840 2070 2877 dixi
2105 2839 2149 2876 in
2185 2840 2359 2878 schedis
2394 2841 2568 2879 criticis
2603 2842 2648 2879 in

225 2900 352 2947 epist.
381 2900 424 2938 H
448 2900 522 2938 lib.
552 2899 595 2937 Π
618 2909 682 2946 per
705 2898 1007 2945 opportunitatem
1030 2898 1276 2937 scholasticam
1300 2898 1407 2937 editis
1430 2898 1469 2936 in
1491 2909 1612 2945 progr.
1635 2898 1951 2945 gymnasii—nostri
1967 2910 2001 2936 a.
2019 2900 2124 2937 1876.
2153 2909 2196 2936 ac
2211 2902 2327 2937 totum
2342 2900 2410 2936 hoc
2425 2900 2648 2946 corruptelae

222 2970 338 3003 geum
361 2970 467 3004 qnam
490 2959 565 2994 late
589 2959 698 2994 etiam
721 2958 759 2993 in
783 2962 951 3002 quattuor
973 2958 1169 2993 carminum
1191 2958 1470 2993 Horatianorum
1493 2958 1595 2995 libris
1618 2964 1755 3004 pateat,
1780 2969 1859 2994 cum
1882 2965 2009 3003 parum
2038 2959 2133 2994 inter
2173 2958 2318 2994 criticos
2348 2963 2498 3002 constet,
2527 2959 2646 2996 nescio

223 3027 271 3052 an
293 3027 424 3061 operae
446 3017 601 3061 pretium
624 3017 673 3053 sit
696 3017 811 3053 denuo
835 3019 1001 3052 accurate
1025 3015 1063 3051 in
1087 3025 1165 3051 eam
1187 3025 1263 3051 rem
1284 3015 1475 3059 inquirere,
1499 3020 1542 3051 ut
1565 3016 1653 3060 quid
1676 3017 1821 3052 tandem
1845 3016 2009 3061 latinum,
2036 3016 2123 3060 qu’d
2145 3015 2324 3060 poeticum
2345 3020 2385 3052 et
2405 3016 2645 3051 Horatianum

221 3073 280 3113 vel
303 3079 402 3113 certe
415 3075 569 3113 Horatio
585 3075 732 3122 dignum
756 3074 818 3120 sit,
839 3074 946 3121 plane
968 3078 1008 3111 et
1031 3074 1135 3120 plene
1157 3073 1396 3112 internoscere
1419 3086 1464 3112 ac
1478 3075 1675 3113 diiudicare
1689 3075 1796 3112 hodie
1812 3076 1998 3120 possimus.
2038 3075 2177 3120 qualem
2193 3075 2383 3120 perutilem
2398 3086 2484 3112 sane
2499 3086 2644 3119 operam

221 3142 343 3169 eorum
364 3133 464 3169 rudi
487 3133 681 3170 inertiae
705 3132 835 3179 opponi
858 3135 1131 3170 consentaneum
1152 3134 1210 3169 est
1233 3131 1294 3177 qui
1313 3131 1412 3169 ultra
1427 3132 1587 3170 codicum
1602 3132 1721 3179 apices
1736 3143 1862 3179 sapere
1877 3136 1943 3169 aut
1957 3132 2083 3170 nolunt
2097 3136 2162 3169 aut
2177 3136 2328 3185 naturae
2345 3131 2434 3170 vitio
2450 3136 2644 3178 nequeunt.

221 3202 309 3236 quos
337 3192 479 3237 quidem
508 3193 597 3229 artis
626 3193 773 3229 criticae
801 3203 978 3236 anaeque
991 3192 1153 3229 rationis
1182 3195 1442 3235 contemptores
1471 3204 1518 3228 an
1547 3193 1806 3229 obtrectatores
1829 3193 1936 3236 paulo
1960 3191 2161 3228 accuratius
2185 3192 2358 3235 descripsi
2380 3193 2406 3227 1.
2429 3202 2460 3227 c.
2485 3203 2518 3235 p.
2542 3193 2567 3226 4
2591 3203 2644 3234 ιη.

220 3247 335 3295 iisque
363 3249 483 3288 nescio
508 3261 577 3297 quo
601 3261 768 3290 successu
796 3249 927 3288 ibidem
961 3249 1139 3288 inculeare
1162 3253 1309 3287 conatns
1343 3260 1421 3287 sum
1458 3250 1642 3297 pmclara
1665 3250 1775 3287 verba
1797 3248 2005 3287 Ruhnkenii
2029 3247 2091 3294 qni
2114 3247 2153 3288 in
2177 3248 2281 3296 epist.
2307 3249 2387 3287 crit.
2412 3248 2433 3286 1
2456 3260 2491 3296 p.
2515 3252 2539 3287 5
2562 3259 2646 3296 gra-

220 3307 401 3346 vissimam
422 3310 521 3346 illam
546 3320 652 3355 quam
674 3312 777 3346 modo
802 3310 877 3346 dixi
901 3310 990 3346 artis
1014 3309 1158 3346 criticae
1182 3313 1320 3353 partem
1344 3320 1367 3345 a
1390 3310 1646 3347 recentioribus
1668 3309 1826 3353 turpiter
1849 3308 1996 3352 neglegi
2020 3308 2098 3344 iure
2122 3319 2163 3344 ac
2187 3309 2314 3345 merito
2339 3309 2579 3353 conqueritur.
