2834 3629
1384 816 1472 873 De

289 949 971 1032 compositione
1008 950 1727 1033 interpolatione
1768 954 1863 1010 et
1900 950 2549 1013 emendatione

747 1095 1031 1179 primi
1084 1095 1525 1160 carminis
1575 1081 2093 1160 Hor-atiani.

408 1406 592 1450 Primum
621 1419 790 1449 carmen
820 1405 983 1449 Horatii
1021 1406 1215 1462 quotiens
1259 1406 1368 1462 lego,
1403 1407 1557 1451 totiens
1590 1420 1717 1463 aegre
1752 1408 1841 1451 fero
1867 1413 1986 1450 ‘nunc
2015 1420 2042 1450 a
2076 1406 2288 1464 plerisque
2323 1406 2481 1451 criticis
2515 1407 2622 1452 illud

211 1474 440 1520 secundum
467 1474 606 1529 legem
633 1473 945 1534 ¹Meinekianam
976 1486 1102 1527 quam
1130 1474 1256 1528 vulgo
1284 1478 1439 1516 vocant
1471 1473 1514 1515 in
1551 1474 1747 1529 strophas
1782 1480 2075 1528 quaternorum
2103 1486 2300 1516 versuum
2329 1473 2512 1517 divisum
2549 1475 2632 1519 hoc

213 1542 338 1585 modo
366 1539 577 1583 exhiberi:

324 1672 551 1716 Maecenas
580 1671 715 1715 atavis
745 1670 858 1714 edite
886 1670 1069 1726 regibus,
1398 1691 1409 1700 ·
1605 1676 1671 1716 est
1700 1671 1771 1727 qui
1800 1684 1880 1716 nec
1906 1672 2058 1716 veteris
2086 1672 2239 1729 poeula
2267 1672 2435 1717 Massici

325 1754 351 1781 o
382 1744 424 1780 et
453 1738 711 1793 praesidium
741 1743 784 1779 et
812 1737 934 1778 dulce
964 1736 1094 1779 decus
1123 1750 1275 1778 meum.
1493 1741 1548 1780 20
1603 1751 1683 1780 nec
1711 1743 1873 1794 partem
1902 1739 2039 1781 solido
2069 1739 2239 1782 demere
2268 1739 2322 1781 de
2349 1739 2422 1782 die

325 1810 420 1849 sunt
448 1817 552 1860 quos
580 1804 783 1847 curriculo
812 1802 1025 1859 pulverem
1056 1802 1320 1858 Olympicum

326 1871 547 1926 collegisse
574 1871 689 1914 iuvat
716 1874 913 1923 metaque
942 1868 1115 1912 fervidis
1602 1859 1775 1914 spernit,
1806 1873 1916 1921 1¹⁰1!ss
1943 1859 2069 1902 viridi
2097 1859 2286 1902 membra
2314 1860 2396 1903 ⁸¹¹1>
2424 1860 2573 1905 arbuto

1603 1929 1773 1980 stratus,
1803 1926 1915 1969 nunc
1943 1926 1998 1968 ad
2028 1938 2165 1981 aquae
2192 1927 2287 1970 lene
2317 1932 2444 1983 caput
2471 1940 2633 1972 sacrae.

240 1993 269 2036 5
325 1993 483 2036 evitata
509 1992 614 2035 rotis
642 1992 868 2048 palmaque
896 1991 1047 2034 nobilis
1602 1990 1755 2033 multos
1785 1997 1926 2034 castra
1955 1992 2101 2035 iuvant
2131 1998 2174 2035 et
2199 1993 2303 2035 lituo
2332 1994 2460 2037 tubae

325 2066 532 2105 terrarum
561 2058 754 2103 dominos
784 2056 925 2101 evehit
949 2057 1003 2100 ad
1033 2057 1157 2101 deos:
1601 2057 1829 2111 permixtus
1858 2059 2018 2101 sonitus
2048 2058 2241 2113 bellaque
2270 2058 2472 2102 matribus

323 2126 448 2179 hunc,
478 2125 517 2170 si
545 2124 761 2170 mobilium
790 2124 916 2167 turba
936 2123 1158 2176 Quiritium
2212 2144 2215 2145 ν

327 2196 460 2235 certat
489 2191 734 2247 tergeminis
762 2191 910 2233 tollere
938 2190 1184 2245 honoribus3
1492 2179 1548 2221 25
1603 2177 1822 2221 detestata·
1881 2187 2022 2222 manet
2050 2181 2130 2222 ⁸¹¹¹)
2164 2181 2262 2222 'ove
2291 2180 2446 2236 frigidO

1603 2252 1778 2288 venator
1805 2251 1977 2289 tenerae
2007 2245 2199 2300 coniugis
2229 2246 2444 2302 inmemor,

326 2312 456 2369 illum,
486 2313 523 2356 si
551 2312 723 2370 proprio
755 2312 942 2356 condidit
970 2313 1117 2356 horreo
1604 2324 1680 2355 seu
1709 2312 1801 2356 visa
1830 2316 1893 2356 est
1923 2312 2073 2356 catulis
2103 2325 2226 2356 cerva
2253 2312 2449 2358 fidelibus

216 2376 271 2425 16
326 2379 532 2435 quidquid
561 2380 615 2423 de
645 2379 819 2435 Libycis
848 2379 1024 2422 verritur
1052 2380 1175 2423 areis.
1604 2392 1678 2421 seu
1708 2379 1820 2433 rupit
1849 2385 2005 2423 teretes
2034 2381 2198 2423 Marsus
2227 2394 2331 2435 aper
2358 2382 2523 2437 plagas.

326 2447 578 2502 gaudentem
607 2446 768 2503 patrios
796 2445 955 2489 findere
983 2446 1146 2489 sarculo
2151 2453 2154 2464 ²

249 2561 251 2563 ι
329 2526 455 2568 agi-03
483 2514 680 2557 Attalicis
708 2513 1023 2557 condicionibus
1602 2514 1671 2544 me
1700 2502 1917 2544 doctarum
1946 2501 2130 2544 hederae
2159 2502 2350 2558 praemia
2376 2502 2572 2546 frontium

169 2622 173 2629 Α
1492 2567 1549 2611 30
1604 2567 1672 2611 dis
1700 2568 1878 2611 miscent
1907 2569 2085 2624 superis,
2114 2582 2182 2611 me
2210 2569 2394 2623 gelidum
2425 2583 2573 2614 nemus

244 2655 251 2661 »
321 2647 550 2688 numquam
583 2633 822 2688 demoveas,
852 2638 898 2676 ut
926 2635 1047 2677 trabe
1069 2633 1228 2691 Cypria
1452 2677 1454 2679 ,
1606 2633 1967 2690 nympharumque
1997 2634 2117 2678 leves
2146 2648 2240 2679 cum
2270 2635 2428 2692 satyris
2457 2636 2575 2681 chori

323 2703 532 2758 Myrtoum
562 2701 746 2756 pavidus
775 2706 905 2744 nauta
934 2707 1050 2745 secet
1080 2714 1207 2744 mare.
1606 2705 1829 2744 sec-emunt
1857 2700 2026 2757 populo,
2057 2701 2092 2744 si
2123 2715 2260 2757 neque
2288 2701 2419 2746 tibias

222 2769 275 2813 15
329 2767 556 2812 luctantem
588 2766 737 2810 Icariis
767 2766 968 2811 fluctibus
995 2769 1185 2812 Africum

325 2838 532 2878 mercator
560 2838 754 2877 metuens
783 2834 912 2877 otium
945 2840 988 2877 et
1017 2834 1160 2890 oppidi
1605 2824 1789 2879 Euterpe
1820 2824 1984 2867 00¹¹5bsst
2013 2838 2092 2868 ¹¹⁸0
2120 2825 2403 2880 Polyhymnia

1606 2890 1817 2933 Lesboum
1849 2889 2004 2947 refugit
2032 2890 2205 2934 tendere
2235 2891 2441 2935 barbiton.

326 2957 472 3002 laudat
499 2970 599 3000 rura
625 2957 711 3000 sui:
740 2970 837 3000 mox
866 2956 1001 2998 reficit
1027 2956 1132 2998 ratis
1378 2952 1380 2954 ’
1493 2957 1549 2999 35
1606 2958 1721 3010 quod
1750 2958 1788 2999 si
1816 2971 1884 2999 me
1911 2958 2056 3012 lyricis
2083 2958 2250 3001 vatibus
2277 2960 2449 3011 inseres,

328 3037 522 3080 quassas,
552 3022 749 3069 indocilis
777 3023 1021 3080 pauperiem
1050 3021 1153 3078 pati.
1607 3024 1774 3067 sublimi
1803 3024 1952 3067 feriam
1982 3024 2123 3067 sidera
2149 3026 2319 3067 vertice.

194 3140 197 3145 ”
220 3156 321 3210 quid
349 3156 488 3198 enim?
515 3171 653 3200 nonne
682 3157 806 3200 talis
835 3156 1096 3211 stropharum
1126 3155 1280 3198 divisio
1308 3156 1630 3212 perversissima
1661 3162 1704 3199 et
1733 3158 1787 3198 ab
1818 3158 1928 3199 omni
1948 3170 2053 3216 sana
2079 3157 2240 3199 ratione
2270 3156 2535 3200 alienissima
2576 3162 2644 3210 est

219 3235 305 3277 qua
332 3223 499 3278 singula
527 3224 722 3267 carminis
753 3224 846 3266 cola
874 3228 916 3265 et
945 3222 1159 3265 enuntiata
1194 3222 1405 3266 artissime
1435 3223 1632 3280 copulata
1667 3228 1708 3265 et
1744 3223 2012 3266 cohaerentia
2046 3222 2102 3277 (si
2139 3222 2308 3276 quidem
2344 3227 2644 3278 argumentum

220 3291 511 3334 et‘verborum
540 3295 790 3334 structuram
820 3292 1076 3345 spectamus)
1106 3303 1182 3345 per
1207 3289 1293 3331 vim
1323 3288 1585 3332 divelluntur
1613 3295 1655 3332 et
1685 3290 1874 3331 consulto
1905 3289 2027 3343 quasi
2066 3289 2334 3331 membratim
2371 3289 2650 3334 conciduntur

2425 3368 2445 3403 1
