2834 3629
304 246 373 278 me
399 246 512 277 nunc
539 232 725 276 Thressa
752 230 886 274 Chloe
913 229 1037 286 regit,
1577 229 1681 284 quid
1708 230 1746 273 si
1775 229 1916 286 prisca
1941 227 2053 273 redit
2085 228 2228 273 Venus

195 300 251 347 10
305 300 441 346 dulcis
469 299 596 345 docta
622 298 769 343 modos
797 301 842 341 ct
870 295 1057 341 citharae
1084 294 1237 350 sciens,
1578 296 1854 356 diductosque
1879 297 1981 354 iugo
2008 296 2122 354 cogit
2150 297 2315 341 aeneo?

305 381 381 424 pro
410 380 497 423 qua
522 379 609 410 non
635 369 820 407 metuam
846 361 964 417 mori,
1577 363 1616 407 si
1643 363 1758 408 flava
1783 364 1991 408 excutitur
2018 364 2165 418 Chloe,

304 435 341 478 si
368 436 544 490 parcent
570 430 739 474 animae
767 429 860 473 fata
886 427 1119 485 superstiti.
1417 449 1423 454 ·
1467 429 1525 472 20
1578 431 1843 486 reiectaeque
1872 436 1990 486 patet
2016 430 2146 475 ianua
2172 430 2367 487 Lydiae?

206 593 210 597 .
304 567 386 609 ,mc
413 556 543 597 torret
570 550 666 595 face
693 555 841 595 mutua
1579 563 1846 606 ,quamquam
1871 552 2010 596 sidere
2035 552 2251 608 pulchrior

303 618 482 663 Thurini
509 617 653 662 Calais
678 616 788 661 filius
816 615 979 674 Ornyti,
1578 614 1649 660 illc
1677 621 1755 672 est,
1782 621 1831 662 tu
1855 616 1988 663 levior
2013 619 2169 663 cortice
2196 624 2241 663 ct
2266 619 2460 674 improbo

194 688 249 733 15
303 699 380 743 pro
408 698 491 742 quo
518 684 587 729 bis
612 683 753 740 patiar
778 683 896 739 mori,
1249 717 1258 725 r
1578 680 1818 728 iracundior
1847 683 2020 740 Hadria,

212 792 215 796 .
304 754 339 798 si
367 757 541 809 parcent
567 764 698 808 puero
726 750 817 793 fata
846 750 1103 806 superstiti.’'
1575 754 1715 794 tecum
1742 750 1887 795 vivere
1913 764 2064 807 amem,
2089 755 2229 796 tecum
2257 751 2410 795 obeam
2443 749 2613 795 libens!

188 883 355 929 accedit
381 881 497 939 quod
524 882 607 924 d‘no
636 881 696 923 illi
725 896 921 925 versuum
949 883 1141 925 biniones
1169 882 1294 939 primi
1322 883 1520 926 carminis
1547 883 1606 925 ad
1634 884 1921 927 Maecenatem
1945 888 2188 939 spectantes
2211 885 2247 926 1.
2268 885 2295 926 2
2315 898 2326 925 z
2347 884 2416 927 36.
2434 884 2492 927 ³6
2510 895 2608 927 cum

191 951 351 1008 reliquo
379 952 626 1006 argumento
654 961 918 1006 nequaqnam
952 949 1190 1004 cohaerent,
1219 949 1264 994 id
1290 948 1406 1007 quod
1434 964 1462 994 a
1490 948 1686 995 carminis
1721 948 1971 995 dedicatorii
2005 947 2149 995 indole
2187 964 2359 1007 prorsus
2394 949 2607 995 abbcnut,

192 1019 273 1065 sed
298 1017 471 1074 gravius
498 1015 807 1059 incommodum
834 1016 879 1059 in
913 1018 1008 1072 ipso
1041 1028 1205 1073 quoque
1247 1017 1433 1061 carmine
1474 1017 1586 1062 inest
1626 1022 1799 1075 propter
1840 1021 2071 1062 contortam
2114 1021 2159 1061 ct
2200 1016 2447 1075 perplexam
2487 1014 2607 1060 illam

159 1096 161 1099 ’
189 1086 318 1129 trium
353 1084 591 1126 ultimarum
622 1083 888 1138 stropharum
914 1086 955 1127 6.
985 1085 1023 1127 7.
1053 1086 1079 1126 8
1122 1086 1178 1138 (v.
1221 1085 1405 1139 23-34)
1457 1084 1796 1140 implicationem,
1845 1083 2014 1142 qualem
2056 1083 2229 1139 quidem
2271 1084 2402 1127 otiam
2434 1082 2481 1127 in
2508 1081 2607 1138 1030

189 1150 463 1197 Heinckiana
489 1148 596 1204 (sive
627 1148 872 1192 effrenatam
898 1149 1113 1194 licentiam
1138 1149 1280 1194 dicere
1308 1150 1460 1205 mavis)
1489 1165 1619 1208 supra
1644 1151 1983 1208 vituperavimus.
2039 1165 2139 1195 uam
2173 1164 2270 1195 cum
2303 1151 2468 1206 priores
2494 1154 2602 1194 stro·

188 1219 305 1277 phac
333 1229 478 1262 omnes
505 1215 730 1261 admodum
756 1216 957 1261 concinne
985 1221 1030 1261 ct
1057 1218 1270 1272 eleganter
1303 1218 1363 1262 sic
1391 1216 1628 1272 decurrant,
1662 1223 1710 1262 ut
1738 1217 1912 1274 quaevis
1945 1217 2174 1275 descriptio
2207 1223 2424 1273 tamquam
2458 1216 2605 1262 tabula

192 1284 403 1341 quaedam
431 1284 540 1327 intra
566 1282 670 1326 fines
699 1283 823 1327 unius
852 1285 1048 1339 strophae
1091 1285 1352 1329 contineatur
1391 1284 1523 1328 veluti
1566 1284 1829 1339 agricolae
1868 1284 1949 1328 vel
1990 1283 2290 1329 mercatoris
2331 1282 2413 1327 vel
2454 1281 2609 1341 genio

193 1350 520 1406 indulgentis
556 1348 792 1392 hominis:

850 1480 1103 1536 gaudentem
1133 1480 1294 1537 patrios
1323 1479 1481 1524 findere
1509 1482 1675 1526 sarculo

850 1560 975 1603 agros
1005 1546 1199 1591 Attalicis
1229 1547 1543 1593 condicionibus

848 1627 1074 1668 numquam
1102 1614 1344 1668 demoveas,
1375 1619 1422 1657 ut
1448 1616 1570 1658 trabe
1599 1616 1758 1671 Cypria

850 1680 1056 1735 Myrtoum
1084 1679 1264 1735 pavidus
1290 1685 1423 1724 nauta
1449 1686 1567 1724 secet
1594 1696 1724 1726 mare.

847 1808 1077 1851 luctantem
1109 1808 1253 1852 icariis
1281 1808 1479 1853 fluctibus
1509 1809 1699 1854 Africum

849 1881 1056 1918 mercator
1084 1881 1274 1919 metuens
1303 1876 1434 1919 otium
1465 1881 1509 1919 et
1538 1876 1684 1932 oppidi

850 1939 994 1985 laudat
1021 1954 1119 1985 rura
1145 1941 1229 1986 sni:
1258 1955 1355 1986 mox
1384 1942 1518 1987 reficit
1545 1942 1649 1988 ratis

853 2021 1040 2063 quassas,
1070 2008 1263 2051 indocilis
1290 2009 1538 2066 pauperiem
1566 2009 1668 2067 pati.
1724 2047 1726 2049 ,

854 2142 918 2178 est
944 2135 1017 2190 qui
1046 2149 1123 2178 nec
1148 2135 1304 2179 veteris
1333 2137 1484 2191 pocula
1512 2137 1681 2180 Massici
2553 2121 2595 2159 (γ

854 2216 933 2246 nec
959 2208 1121 2259 partem
1150 2200 1286 2246 solido
1314 2201 1483 2246 demere
1511 2202 1566 2246 de
1593 2203 1664 2247 die

855 2268 1026 2324 spernit,
1055 2280 1165 2311 nunc
1191 2267 1316 2310 viridi
1344 2269 1532 2312 membra
1560 2269 1641 2313 sub
1668 2270 1820 2314 arbuto

855 2341 1010 2379 stratus
1037 2349 1147 2379 nunc
1173 2335 1229 2379 ad
1257 2348 1391 2390 aquae
1419 2336 1516 2379 lene
1547 2342 1673 2392 caput
1702 2350 1863 2380 sacrae.

202 2463 301 2509 inde
321 2477 348 2507 a
367 2477 406 2508 v.
427 2465 481 2509 23
501 2469 544 2508 et
577 2463 756 2507 militis
785 2468 827 2506 et
861 2462 1119 2507 venatoris
1153 2461 1453 2519 descriptiones
1487 2462 1587 2508 illae
1616 2463 1742 2507 valde
1770 2464 1963 2520 imperite
1991 2468 2034 2509 et
2059 2463 2190 2509 invita
2216 2468 2265 2509 ut
2282 2463 2400 2510 aiunt
2419 2463 2614 2510 Minerva

193 2532 323 2586 -quasi
351 2532 501 2575 luxata
528 2531 704 2574 disiecta
732 2536 774 2573 et
801 2530 942 2573 lacera
968 2530 1155 2575 membra
1182 2535 1333 2585 poetae
1363 2544 1445 2572 non
1474 2530 1642 2585 quidem
1672 2531 1838 2574 duabus
1867 2532 2041 2587 integris
2075 2532 2261 2587 strophis
2297 2537 2345 2575 ut
2386 2545 2466 2588 par
2511 2537 2617 2588 erat,

194 2597 281 2645 sed
309 2597 592 2654 sesquialtera
618 2602 780 2641 tantum
808 2597 982 2653 stropha
1009 2597 1083 2640 tali
1111 2596 1235 2641 modo
1265 2603 1569 2653 proponuntur:

856 2725 1010 2769 multos
1039 2730 1178 2768 castra
1205 2724 1350 2767 iuvant
1378 2729 1420 2766 et
1446 2724 1549 2768 lituo
1578 2725 1708 2769 tubae

855 2791 1091 2848 permixtus
1117 2790 1275 2835 sonitus
1303 2790 1496 2846 bellaque
1524 2791 1731 2835 matribus

857 2859 1078 2903 detestata.
1136 2863 1277 2901 manet
1305 2857 1385 2900 sub
1415 2857 1514 2900 love
1542 2858 1696 2915 frigido

856 2933 1032 2972 venator
1060 2932 1230 2970 tenerae
1259 2924 1448 2980 coniugis
1476 2925 1692 2982 inmemor,

858 3062 934 3093 sen
962 3050 1053 3093 visa
1081 3053 1146 3092 est
1175 3047 1323 3091 catulis
1351 3060 1477 3090 cerva
1505 3047 1702 3093 fidelibus

857 3130 933 3162 seu
961 3117 1074 3173 rupit
1100 3120 1254 3160 teretes
1281 3114 1443 3160 Marsus
1472 3128 1577 3173 aper
1605 3116 1770 3174 plagas.

194 3256 253 3296 ut
278 3250 469 3309 profecto
496 3252 639 3309 quivis
665 3251 737 3309 qui
765 3251 947 3315 aliquem
981 3249 1142 3308 pulchri
1174 3248 1424 3304 venustique
1459 3262 1629 3294 sensum
1666 3251 1805 3305 habet,
1840 3251 1936 3295 ilico
1971 3250 2128 3297 sentiat
2161 3256 2332 3309 poetam
2360 3252 2624 3299 Venusinu-

197 3319 337 3363 multo
366 3319 516 3364 melius
545 3319 793 3364 concinnius
820 3332 873 3363 ac
898 3318 1116 3363 venustius
1144 3316 1205 3361 sic
1234 3320 1451 3360 cauturum
1480 3315 1630 3361 fuisse:

762 3397 772 3407 .
2391 3400 2437 3435 ι,
