2834 3629
1430 59 1463 107 4

239 190 479 246 misereque
522 191 832 236 dilacerantur?
873 191 1002 235 veluti
1043 192 1084 235 4.
1113 192 1142 235 5
1170 196 1405 246 metaque
1450 191 1670 236 fervidis
1701 192 1719 250 ΙΙ
1752 192 1944 236 evitata
1977 192 2124 246 rotis,
2155 194 2196 236 7.
2225 193 2253 237 9
2281 193 2412 237 hunc
2441 194 2460 251 ΙΙ
2496 194 2655 251 illum,

243 258 310 302 12.
342 258 396 302 13
425 257 811 317 condicionibus
841 256 860 314 ΙΙ
891 269 1156 312 numquam
1191 256 1484 314 demoveas,
1516 260 1582 304 16.
1614 260 1665 306 17
1695 260 1847 305 otium
1878 265 1927 304 et
1955 258 2131 316 oppidi
2163 258 2182 317 ΙΙ
2210 258 2387 304 laudat
2414 273 2532 304 rura
2559 262 2655 317 sni,

240 325 308 369 20.
339 327 392 369 21
437 324 635 367 demere
679 323 738 366 de
781 323 865 366 die
895 322 914 381 ΙΙ
946 324 1163 380 spernit,
1194 325 1263 369 24.
1292 326 1348 369 25
1377 325 1618 382 bellaque
1646 326 1892 370 matribus
1921 325 1941 384 ΙΙ
1970 324 2249 380 detestata,
2293 324 2475 380 denique
2502 328 2572 372 82.
2600 329 2657 372 33

240 391 401 435 tibias
430 390 451 448 Π
479 391 700 446 Euterpe
729 390 948 434 cohibet.
985 403 1094 445 quae
1122 391 1295 447 quidem
1323 392 1433 449 legis
1461 392 1576 436 illius
1599 392 1898 436 Meinekianae
1915 391 2169 449 perversitas
2187 391 2313 436 valde
2330 397 2510 450 augetur
2527 393 2657 439 etiam

241 470 292 501 eo
321 458 435 513 quod
464 457 689 500 eorundem
718 457 1026 501 enuntiatorum
1069 458 1333 502 clausulas
1376 471 1485 512 quae
1514 471 1618 502 sane
1646 459 1803 502 multae
1831 459 1875 502 in
1905 459 1989 501 hoc
2018 459 2199 502 carmine
2227 459 2382 514 insunt,
2418 471 2563 503 omnes
2604 459 2656 503 in

237 523 423 567 mediis
458 522 687 579 strophis
715 537 921 578 perquam
948 524 1212 568 incommode
1241 531 1284 567 et
1312 525 1464 568 inscite
1493 526 1717 568 collocatas
1746 526 1935 568 videmus
1962 525 2024 567 uti
2053 527 2080 568 2
2114 525 2262 569 dulce
2298 527 2451 569 decus
2485 539 2654 570 meum.

240 591 268 634 6
296 589 471 632 evehit
505 588 568 632 ad
603 588 740 632 deos.
803 590 857 634 10
884 587 946 634 de
980 589 1191 647 Libycis
1226 589 1446 634 verritur
1480 590 1629 634 areis.
1690 592 1742 634 14
1769 595 1921 632 nauta
1955 595 2095 632 secet
2127 604 2273 635 mare.
2333 593 2385 636 18
2413 592 2656 637 indocilis

238 655 535 712 pauperiem
564 655 687 711 pati.
747 657 801 699 22
831 656 894 699 ad
922 669 1086 711 aquae
1114 657 1227 700 lene
1257 662 1408 712 caput
1436 670 1626 700 sacrae.
1683 656 1738 699 34
1764 654 1954 710 refugit
1980 654 2191 700 tendere
2220 657 2466 704 barbiton.

437 723 578 778 Atque
607 723 716 766 baec
744 724 892 778 gravia
919 723 1020 767 talis
1049 722 1362 778 compositionis
1392 723 1462 765 vel
1482 723 1622 779 potius
1651 722 1906 765 confusionis
1934 722 2200 766 incommoda
2217 723 2448 768 rectissime
2467 724 2655 769 sentiens

236 789 414 833 Carolus
443 789 724 845 Nauckius*)
752 790 876 833 aliam
906 790 1167 845 stropharum
1198 789 1448 832 divisionem
1478 789 1734 843 excogitavit
1751 789 1942 831 nimirum
1962 791 2118 844 primos
2136 789 2244 834 duos
2271 791 2454 845 itemque
2482 792 2655 836 ultimos

236 854 345 898 duos
372 870 522 897 versus
551 855 702 910 proodi
732 862 774 897 et
804 855 930 911 epodi
959 855 1091 897 instar
1118 870 1145 895 a
1171 854 1345 909 reliquis
1373 855 1542 897 omnino
1572 855 1811 910 seiungens.
1859 869 1912 896 en
1931 854 2063 897 habes
2081 856 2373 899 Nauekianam
2392 858 2656 912 stropharum

231 921 550 979 discriptionem
577 921 691 966 iufra
719 921 917 978 positam:

347 1055 574 1098 Maecenas
603 1054 740 1097 atavis
770 1054 882 1096 edite
910 1055 1092 1109 regibus,
1627 1059 1691 1097 est
1718 1055 1789 1109 qui
1818 1066 1897 1096 neo
1924 1054 2079 1097 veteris
2107 1054 2260 1109 pocula.
2285 1055 2458 1099 Massici

348 1136 375 1165 o
405 1126 447 1165 et
475 1119 732 1178 praesidium
761 1124 804 1163 et
832 1119 953 1163 dulce
981 1119 1111 1163 decus
1140 1121 1296 1164 meum!
1512 1120 1569 1163 20
1625 1134 1705 1163 nec
1732 1126 1894 1176 partem
1924 1118 2058 1163 solido
2087 1119 2257 1164 demere
2285 1120 2339 1164 de
2369 1121 2439 1165 die

1625 1186 1797 1242 spernit,
1826 1200 1937 1229 nunc
1966 1186 2085 1230 viridi
2115 1187 2305 1231 membra
2332 1188 2411 1232 sub
2439 1189 2590 1232 arbuto

350 1249 446 1287 ⁸¹¹1st
473 1256 579 1298 ‘1⁰0⁸
609 1243 812 1286 ⁰¹¹¹Tifflll⁰
841 1243 1056 1299 Plssvefem
1085 1242 1350 1299 Olympicum
1624 1259 1792 1306 stratus,
1830 1265 1939 1296 nunc
1966 1253 2023 1296 ad
2051 1266 2188 1308 aquae
2216 1254 2312 1298 lene
2340 1259 2468 1311 caput
2495 1267 2653 1301 sacrae.

350 1309 571 1364 collegisse
598 1310 727 1364 iuvat,
757 1314 951 1364 metaque
982 1308 1158 1352 fervidis

263 1378 293 1420 5
350 1376 506 1420 evitata
534 1376 635 1419 rotis
664 1375 888 1431 palmaque
916 1375 1068 1420 nobilis
1625 1374 1779 1418 multos
1809 1379 1947 1417 castra
1975 1374 2122 1418 iuvant
2150 1380 2193 1418 et
2220 1375 2319 1420 lituo
2348 1377 2476 1420 tubae

349 1447 553 1486 terrarum
583 1441 776 1493 dominos
806 1442 945 1486 evehit
973 1442 1029 1486 ad
1059 1442 1179 1485 deos:
1624 1441 1855 1496 permixtus
1885 1441 2048 1485 sonitus
2078 1441 2270 1496 bellaque
2298 1443 2501 1487 matribus

1514 1508 1569 1549 25
1627 1506 1848 1550 detestata.
1907 1512 2050 1550 manet
2078 1509 2157 1550 sub
2186 1508 2288 1551 Iove
2315 1508 2467 1563 frigido

347 1564 471 1615 huno,
502 1562 537 1605 Si
567 1562 783 1605 mobilium
813 1564 937 1606 turba
965 1564 1184 1614 Quiritium
1625 1579 1800 1616 venator
1827 1579 1998 1615 tenerae
2028 1573 2216 1628 coniugis
2244 1574 2458 1629 inmemor,

349 1634 482 1673 certat
512 1628 756 1683 tergeminis
786 1630 930 1673 tollere
959 1631 1204 1685 honoribus3

346 1696 459 1738 illum
490 1695 526 1738 si
555 1694 724 1750 proprio
754 1695 942 1739 condidit
971 1697 1118 1740 horreo
1624 1708 1699 1737 seu
1729 1694 1821 1737 visa
1854 1700 1916 1737 est
1946 1693 2096 1737 catulis
2126 1707 2249 1738 cerva
2277 1694 2473 1740 fidelibus

237 1764 290 1807 10
346 1761 549 1817 quidquid
578 1761 631 1804 de
661 1762 835 1817 Libycis
863 1763 1042 1805 verritur
1069 1764 1192 1807 areis.
1622 1775 1697 1804 seu
1728 1761 1840 1818 rupit
1869 1766 2026 1803 teretes
2054 1761 2219 1803 Marsus
2248 1773 2352 1816 aper
2378 1755 2541 1818 plagas.

1622 1843 1689 1872 me
1719 1828 1934 1871 doctarum
1963 1828 2148 1870 hederae
2175 1829 2364 1883 praemia
2390 1829 2587 1873 frontium

345 1885 603 1940 gandenoem
632 1884 792 1939 1³⁸²inss
819 1883 978 1926 findere
1007 1885 1169 1927 ⁸³101¹¹⁰
1512 1896 1568 1939 30
1626 1895 1691 1939 dis
1719 1895 1898 1937 miscent
1928 1894 2106 1951 superis,
2136 1907 2203 1951 me
2232 1894 2416 1949 gelidum
2445 1908 2592 1941 nemus

343 1966 472 2007 agros
502 1951 695 1993 Attalicis
725 1951 1056 2004 condicionibus,

341 2031 569 2072 numquam
600 2017 842 2071 demoveas,
870 2022 918 2061 ut
946 2019 1067 2061 trabe
1098 2018 1258 2074 Cypria
1625 2016 1986 2073 nympharumque
2013 2016 2128 2059 leves
2158 2031 2249 2059 cum
2280 2016 2432 2072 satyris
2460 2018 2575 2062 chori

340 2085 549 2140 Myrtoum
580 2083 762 2139 pavidus
790 2089 921 2128 nauta
949 2090 1066 2128 secet
1094 2098 1228 2127 mare:
1626 2088 1848 2126 secernunt
1876 2082 2045 2137 populo,
2076 2083 2113 2125 si
2143 2096 2281 2136 neque
2311 2082 2439 2125 tibias

1626 2150 1810 2204 Euterpe
1840 2148 2009 2192 cohibet
2037 2161 2115 2192 uec
2142 2148 2421 2204 Polyhymnia

231 2207 284 2249 15
341 2206 566 2248 luctantem
597 2206 744 2248 Icariis
773 2205 970 2248 fluctibus
999 2206 1185 2249 Africum
1624 2216 1833 2258 Lesboum
1861 2215 2017 2269 refugit
2045 2215 2217 2258 tendere
2247 2216 2452 2259 barbiton,

338 2278 547 2316 mereator
573 2279 765 2316 metuens
794 2272 925 2316 otium
954 2278 998 2317 et
1027 2272 1173 2329 oppidi

340 2339 484 2382 laudat
513 2353 613 2383 rura
640 2340 724 2383 sui:
755 2353 851 2382 mox
880 2339 1013 2382 reficit
1041 2341 1144 2383 ratis
1510 2341 1566 2383 35
1624 2337 1735 2392 quod
1766 2337 1802 2380 si
1831 2332 1897 2379 me
1928 2336 2073 2391 lyricis
2104 2337 2273 2380 vatibus
2301 2338 2476 2392 inseres,

342 2419 532 2460 quassas,
562 2406 755 2449 indocilis
784 2406 1027 2462 pauperiem
1056 2406 1155 2463 pati.
1622 2403 1789 2447 sublimi
1819 2403 1965 2445 feriam
1995 2402 2136 2446 sidera
2162 2403 2331 2447 vertice.

228 2611 374 2647 tamen
404 2606 509 2648 haec
539 2618 705 2658 quoque
734 2606 789 2646 ab
819 2610 909 2645 arte
929 2605 1090 2647 Horatii
1110 2605 1275 2659 longius
1296 2618 1420 2659 quam
1451 2606 1600 2649 credas
1630 2611 1793 2648 remota
1821 2610 1897 2648 est.
1956 2617 2008 2646 ac
2036 2604 2216 2658 primum
2247 2604 2416 2657 quidem
2446 2617 2651 2660 nusquam

229 2671 346 2726 apud
378 2671 596 2715 Horatium
626 2671 710 2714 tale
741 2670 978 2725 exemplum
1006 2670 1155 2725 proodi
1184 2677 1257 2714 aut
1293 2671 1420 2727 epodi
1457 2678 1624 2716 exstare
1659 2671 1826 2715 memini
1855 2696 1911 2704 —
1940 2684 1994 2714 ne
2023 2670 2066 2714 in
2094 2669 2353 2714 limatissimo
2381 2670 2550 2726 quidem
2577 2671 2652 2715 illo

227 2738 411 2780 carmine
440 2737 670 2779 amoebaeo
700 2736 764 2777 111
794 2738 840 2779 9:

337 2880 487 2924 Donec
514 2884 660 2936 gratus
690 2893 803 2922 eram
832 2879 910 2922 tibi
1533 2883 1562 2925 5
1617 2881 1767 2937 ,donec
1795 2897 1879 2927 non
1906 2883 1990 2927 alia
2016 2881 2154 2938 magis

338 2961 418 2991 nec
448 2947 668 3003 quisquam
696 2947 834 3002 potior
862 2947 1058 2990 bracchia
1087 2947 1293 2992 candidae
1617 2949 1756 2992 arsisti
1785 2963 1923 3004 neque
1954 2954 2044 2993 erat
2070 2948 2212 3005 Lydia
2238 2953 2333 3003 post
2362 2948 2524 2992 Chloen

335 3015 488 3058 cervici
517 3013 681 3076 iuvenis
710 3013 851 3067 dabat,
1615 3016 1734 3059 multi
1762 3016 1903 3072 Lydia
1929 3016 2121 3062 nominis.
2488 3032 2490 3034 ·

334 3082 558 3126 Persarum
588 3080 706 3136 vigui
735 3094 835 3137 rege
864 3081 1037 3126 beatior.
1197 3075 1210 3110 J
1617 3084 1808 3128 Romana
1835 3083 1952 3138 vigui
1981 3082 2133 3127 clarior
2161 3082 2262 3126 Ilia!

2128 3233 2132 3237 ⁴
2637 3234 2645 3253 i

429 3284 465 3328 ⁸)
486 3283 575 3320 De·
593 3282 637 3329 Q.
656 3281 870 3319 Horatiu-
887 3282 1069 3321 Flaccus
1087 3283 1206 3322 Oden
1227 3284 1313 3322 und
1334 3284 1523 3330 Epoden.
1563 3283 1659 3321 Von
1680 3283 1752 3321 Dr.
1774 3283 1874 3321 Garl
1895 3284 2057 3321 Nauck.
2100 3286 2134 3322 9.
2153 3284 2322 3332 Aua-30.
2364 3285 2520 3332 Leipxk
2538 3285 2646 3325 18⁶1&
